{
  "symbol": "AMD",
  "chosen_source": "alphavantage",
  "years_found": 20,
  "available_years": [
    "2005",
    "2006",
    "2007",
    "2008",
    "2009",
    "2010",
    "2011",
    "2012",
    "2013",
    "2014",
    "2015",
    "2016",
    "2017",
    "2018",
    "2019",
    "2020",
    "2021",
    "2022",
    "2023",
    "2024"
  ],
  "all_scores": {
    "yfinance": 4,
    "finnhub": 0,
    "alphavantage": 20
  },
  "final_payload": {
    "overview": {
      "name": "Advanced Micro Devices Inc",
      "currency": "USD",
      "marketCap": 359748370000.0,
      "peRatio": 116.3
    },
    "balancesheet": {},
    "cashflow": {
      "2024-12-31": {
        "operatingCashFlow": 3041000000.0,
        "capitalExpenditures": 636000000.0,
        "freeCashFlow": null
      },
      "2023-12-31": {
        "operatingCashFlow": 1667000000.0,
        "capitalExpenditures": 546000000.0,
        "freeCashFlow": null
      },
      "2022-12-31": {
        "operatingCashFlow": 3565000000.0,
        "capitalExpenditures": 450000000.0,
        "freeCashFlow": null
      },
      "2021-12-31": {
        "operatingCashFlow": 3521000000.0,
        "capitalExpenditures": 301000000.0,
        "freeCashFlow": null
      },
      "2020-12-31": {
        "operatingCashFlow": 1071000000.0,
        "capitalExpenditures": 294000000.0,
        "freeCashFlow": null
      },
      "2019-12-31": {
        "operatingCashFlow": 493000000.0,
        "capitalExpenditures": 217000000.0,
        "freeCashFlow": null
      },
      "2018-12-31": {
        "operatingCashFlow": 34000000.0,
        "capitalExpenditures": 163000000.0,
        "freeCashFlow": null
      },
      "2017-12-31": {
        "operatingCashFlow": 68000000.0,
        "capitalExpenditures": 113000000.0,
        "freeCashFlow": null
      },
      "2016-12-31": {
        "operatingCashFlow": 90000000.0,
        "capitalExpenditures": 77000000.0,
        "freeCashFlow": null
      },
      "2015-12-31": {
        "operatingCashFlow": -237000000.0,
        "capitalExpenditures": 96000000.0,
        "freeCashFlow": null
      },
      "2014-12-31": {
        "operatingCashFlow": -98000000.0,
        "capitalExpenditures": 95000000.0,
        "freeCashFlow": null
      },
      "2013-12-31": {
        "operatingCashFlow": -148000000.0,
        "capitalExpenditures": 84000000.0,
        "freeCashFlow": null
      },
      "2012-12-31": {
        "operatingCashFlow": -338000000.0,
        "capitalExpenditures": 133000000.0,
        "freeCashFlow": null
      },
      "2011-12-31": {
        "operatingCashFlow": 382000000.0,
        "capitalExpenditures": 250000000.0,
        "freeCashFlow": null
      },
      "2010-12-31": {
        "operatingCashFlow": -412000000.0,
        "capitalExpenditures": 148000000.0,
        "freeCashFlow": null
      },
      "2009-12-31": {
        "operatingCashFlow": 473000000.0,
        "capitalExpenditures": 466000000.0,
        "freeCashFlow": null
      },
      "2008-12-31": {
        "operatingCashFlow": -692000000.0,
        "capitalExpenditures": 624000000.0,
        "freeCashFlow": null
      },
      "2007-12-31": {
        "operatingCashFlow": -310000000.0,
        "capitalExpenditures": 1685000000.0,
        "freeCashFlow": null
      },
      "2006-12-31": {
        "operatingCashFlow": 1287000000.0,
        "capitalExpenditures": 1857000000.0,
        "freeCashFlow": null
      },
      "2005-12-31": {
        "operatingCashFlow": 1482855000.0,
        "capitalExpenditures": 1513173000.0,
        "freeCashFlow": null
      }
    },
    "incomestatement": {
      "2024-12-31": {
        "totalRevenue": 25785000000.0,
        "netIncome": 1641000000.0,
        "eps": null,
        "interestExpense": 92000000.0,
        "netInterestIncome": 90000000.0
      },
      "2023-12-31": {
        "totalRevenue": 22680000000.0,
        "netIncome": 854000000.0,
        "eps": null,
        "interestExpense": 106000000.0,
        "netInterestIncome": -33000000.0
      },
      "2022-12-31": {
        "totalRevenue": 23601000000.0,
        "netIncome": 1320000000.0,
        "eps": null,
        "interestExpense": 34000000.0,
        "netInterestIncome": -88000000.0
      },
      "2021-12-31": {
        "totalRevenue": 16434000000.0,
        "netIncome": 3162000000.0,
        "eps": null,
        "interestExpense": 47000000.0,
        "netInterestIncome": -34000000.0
      },
      "2020-12-31": {
        "totalRevenue": 9763000000.0,
        "netIncome": 2490000000.0,
        "eps": null,
        "interestExpense": 94000000.0,
        "netInterestIncome": -47000000.0
      },
      "2019-12-31": {
        "totalRevenue": 6731000000.0,
        "netIncome": 341000000.0,
        "eps": null,
        "interestExpense": 94000000.0,
        "netInterestIncome": -79000000.0
      },
      "2018-12-31": {
        "totalRevenue": 6475000000.0,
        "netIncome": 337000000.0,
        "eps": null,
        "interestExpense": 121000000.0,
        "netInterestIncome": -103000000.0
      },
      "2017-12-31": {
        "totalRevenue": 5329000000.0,
        "netIncome": 43000000.0,
        "eps": null,
        "interestExpense": 126000000.0,
        "netInterestIncome": -120000000.0
      },
      "2016-12-31": {
        "totalRevenue": 4272000000.0,
        "netIncome": -487000000.0,
        "eps": null,
        "interestExpense": 156000000.0,
        "netInterestIncome": -154000000.0
      },
      "2015-12-31": {
        "totalRevenue": 3991000000.0,
        "netIncome": -660000000.0,
        "eps": null,
        "interestExpense": 160000000.0,
        "netInterestIncome": null
      },
      "2014-12-31": {
        "totalRevenue": 5506000000.0,
        "netIncome": -403000000.0,
        "eps": null,
        "interestExpense": 177000000.0,
        "netInterestIncome": null
      },
      "2013-12-31": {
        "totalRevenue": 5299000000.0,
        "netIncome": -83000000.0,
        "eps": null,
        "interestExpense": 177000000.0,
        "netInterestIncome": null
      },
      "2012-12-31": {
        "totalRevenue": 5422000000.0,
        "netIncome": -1183000000.0,
        "eps": null,
        "interestExpense": 175000000.0,
        "netInterestIncome": null
      },
      "2011-12-31": {
        "totalRevenue": 6568000000.0,
        "netIncome": 491000000.0,
        "eps": null,
        "interestExpense": 180000000.0,
        "netInterestIncome": null
      },
      "2010-12-31": {
        "totalRevenue": 6494000000.0,
        "netIncome": 471000000.0,
        "eps": null,
        "interestExpense": 199000000.0,
        "netInterestIncome": null
      },
      "2009-12-31": {
        "totalRevenue": 5403000000.0,
        "netIncome": 376000000.0,
        "eps": null,
        "interestExpense": 438000000.0,
        "netInterestIncome": null
      },
      "2008-12-31": {
        "totalRevenue": 5808000000.0,
        "netIncome": -3098000000.0,
        "eps": null,
        "interestExpense": 2129000000.0,
        "netInterestIncome": null
      },
      "2007-12-31": {
        "totalRevenue": 6013000000.0,
        "netIncome": -3379000000.0,
        "eps": null,
        "interestExpense": 2106000000.0,
        "netInterestIncome": null
      },
      "2006-12-31": {
        "totalRevenue": 5649000000.0,
        "netIncome": -166000000.0,
        "eps": null,
        "interestExpense": 941000000.0,
        "netInterestIncome": null
      },
      "2005-12-31": {
        "totalRevenue": 5847577000.0,
        "netIncome": 165483000.0,
        "eps": null,
        "interestExpense": 182495000.0,
        "netInterestIncome": null
      }
    }
  },
  "raw": {
    "yfinance": {
      "overview": {
        "marketCap": 364030099456.0,
        "sharesOutstanding": 1628041540.0,
        "peRatio": 117.68421,
        "currency": "USD",
        "name": "Advanced Micro Devices, Inc.",
        "sector": "Technology",
        "industry": "Semiconductors"
      },
      "balancesheet": {
        "2024-12-31": {
          "Treasury Shares Number": 58000000.0,
          "Ordinary Shares Number": 1622000000.0,
          "Share Issued": 1680000000.0,
          "Total Debt": 2212000000.0,
          "Tangible Book Value": 13799000000.0,
          "Invested Capital": 59289000000.0,
          "Working Capital": 11768000000.0,
          "Net Tangible Assets": 13799000000.0,
          "Capital Lease Obligations": 491000000.0,
          "Common Stock Equity": 57568000000.0,
          "Total Capitalization": 59289000000.0,
          "Total Equity Gross Minority Interest": 57568000000.0,
          "Stockholders Equity": 57568000000.0,
          "Gains Losses Not Affecting Retained Earnings": -69000000.0,
          "Other Equity Adjustments": -69000000.0,
          "Treasury Stock": 6106000000.0,
          "Retained Earnings": 2364000000.0,
          "Additional Paid In Capital": 61362000000.0,
          "Capital Stock": 17000000.0,
          "Common Stock": 17000000.0,
          "Total Liabilities Net Minority Interest": 11658000000.0,
          "Total Non Current Liabilities Net Minority Interest": 4377000000.0,
          "Other Non Current Liabilities": 1816000000.0,
          "Non Current Deferred Liabilities": 349000000.0,
          "Non Current Deferred Taxes Liabilities": 349000000.0,
          "Long Term Debt And Capital Lease Obligation": 2212000000.0,
          "Long Term Capital Lease Obligation": 491000000.0,
          "Long Term Debt": 1721000000.0,
          "Current Liabilities": 7281000000.0,
          "Other Current Liabilities": 555000000.0,
          "Current Deferred Liabilities": NaN,
          "Current Deferred Revenue": NaN,
          "Current Debt And Capital Lease Obligation": NaN,
          "Current Debt": NaN,
          "Other Current Borrowings": NaN,
          "Pensionand Other Post Retirement Benefit Plans Current": 1174000000.0,
          "Payables And Accrued Expenses": 5552000000.0,
          "Current Accrued Expenses": 3086000000.0,
          "Payables": 2466000000.0,
          "Dueto Related Parties Current": 476000000.0,
          "Accounts Payable": 1990000000.0,
          "Total Assets": 69226000000.0,
          "Total Non Current Assets": 50177000000.0,
          "Other Non Current Assets": 3146000000.0,
          "Non Current Prepaid Assets": NaN,
          "Non Current Deferred Assets": 688000000.0,
          "Non Current Deferred Taxes Assets": 688000000.0,
          "Investments And Advances": 149000000.0,
          "Long Term Equity Investment": 149000000.0,
          "Goodwill And Other Intangible Assets": 43769000000.0,
          "Other Intangible Assets": 18930000000.0,
          "Goodwill": 24839000000.0,
          "Net PPE": 2425000000.0,
          "Accumulated Depreciation": -2173000000.0,
          "Gross PPE": 4598000000.0,
          "Leases": NaN,
          "Construction In Progress": 324000000.0,
          "Other Properties": 3421000000.0,
          "Machinery Furniture Equipment": NaN,
          "Buildings And Improvements": NaN,
          "Land And Improvements": NaN,
          "Properties": 853000000.0,
          "Current Assets": 19049000000.0,
          "Other Current Assets": 1250000000.0,
          "Prepaid Assets": NaN,
          "Inventory": 5734000000.0,
          "Finished Goods": 1094000000.0,
          "Work In Process": 4289000000.0,
          "Raw Materials": 351000000.0,
          "Receivables": 6933000000.0,
          "Other Receivables": 628000000.0,
          "Duefrom Related Parties Current": 113000000.0,
          "Accounts Receivable": 6192000000.0,
          "Cash Cash Equivalents And Short Term Investments": 5132000000.0,
          "Other Short Term Investments": 1345000000.0,
          "Cash And Cash Equivalents": 3787000000.0
        },
        "2023-12-31": {
          "Treasury Shares Number": 47000000.0,
          "Ordinary Shares Number": 1616000000.0,
          "Share Issued": 1663000000.0,
          "Total Debt": 3003000000.0,
          "Tangible Book Value": 10267000000.0,
          "Invested Capital": 58360000000.0,
          "Working Capital": 10079000000.0,
          "Net Tangible Assets": 10267000000.0,
          "Capital Lease Obligations": 535000000.0,
          "Common Stock Equity": 55892000000.0,
          "Total Capitalization": 57609000000.0,
          "Total Equity Gross Minority Interest": 55892000000.0,
          "Stockholders Equity": 55892000000.0,
          "Gains Losses Not Affecting Retained Earnings": -10000000.0,
          "Other Equity Adjustments": -10000000.0,
          "Treasury Stock": 4514000000.0,
          "Retained Earnings": 723000000.0,
          "Additional Paid In Capital": 59676000000.0,
          "Capital Stock": 17000000.0,
          "Common Stock": 17000000.0,
          "Total Liabilities Net Minority Interest": 11993000000.0,
          "Total Non Current Liabilities Net Minority Interest": 5304000000.0,
          "Other Non Current Liabilities": 1850000000.0,
          "Non Current Deferred Liabilities": 1202000000.0,
          "Non Current Deferred Taxes Liabilities": 1202000000.0,
          "Long Term Debt And Capital Lease Obligation": 2252000000.0,
          "Long Term Capital Lease Obligation": 535000000.0,
          "Long Term Debt": 1717000000.0,
          "Current Liabilities": 6689000000.0,
          "Other Current Liabilities": 438000000.0,
          "Current Deferred Liabilities": 544000000.0,
          "Current Deferred Revenue": 544000000.0,
          "Current Debt And Capital Lease Obligation": 751000000.0,
          "Current Debt": 751000000.0,
          "Other Current Borrowings": 751000000.0,
          "Pensionand Other Post Retirement Benefit Plans Current": 884000000.0,
          "Payables And Accrued Expenses": 4616000000.0,
          "Current Accrued Expenses": 2198000000.0,
          "Payables": 2418000000.0,
          "Dueto Related Parties Current": 363000000.0,
          "Accounts Payable": 2055000000.0,
          "Total Assets": 67885000000.0,
          "Total Non Current Assets": 51117000000.0,
          "Other Non Current Assets": 2805000000.0,
          "Non Current Prepaid Assets": NaN,
          "Non Current Deferred Assets": 366000000.0,
          "Non Current Deferred Taxes Assets": 366000000.0,
          "Investments And Advances": 99000000.0,
          "Long Term Equity Investment": 99000000.0,
          "Goodwill And Other Intangible Assets": 45625000000.0,
          "Other Intangible Assets": 21363000000.0,
          "Goodwill": 24262000000.0,
          "Net PPE": 2222000000.0,
          "Accumulated Depreciation": -1787000000.0,
          "Gross PPE": 4009000000.0,
          "Leases": NaN,
          "Construction In Progress": 209000000.0,
          "Other Properties": 2979000000.0,
          "Machinery Furniture Equipment": NaN,
          "Buildings And Improvements": NaN,
          "Land And Improvements": NaN,
          "Properties": 821000000.0,
          "Current Assets": 16768000000.0,
          "Other Current Assets": 1259000000.0,
          "Prepaid Assets": NaN,
          "Inventory": 4351000000.0,
          "Finished Goods": 812000000.0,
          "Work In Process": 3260000000.0,
          "Raw Materials": 279000000.0,
          "Receivables": 5385000000.0,
          "Other Receivables": 1053000000.0,
          "Duefrom Related Parties Current": 9000000.0,
          "Accounts Receivable": 4323000000.0,
          "Cash Cash Equivalents And Short Term Investments": 5773000000.0,
          "Other Short Term Investments": 1840000000.0,
          "Cash And Cash Equivalents": 3933000000.0
        },
        "2022-12-31": {
          "Treasury Shares Number": 33000000.0,
          "Ordinary Shares Number": 1612000000.0,
          "Share Issued": 1645000000.0,
          "Total Debt": 2863000000.0,
          "Tangible Book Value": 6455000000.0,
          "Invested Capital": 57217000000.0,
          "Working Capital": 8650000000.0,
          "Net Tangible Assets": 6455000000.0,
          "Capital Lease Obligations": 396000000.0,
          "Common Stock Equity": 54750000000.0,
          "Total Capitalization": 57217000000.0,
          "Total Equity Gross Minority Interest": 54750000000.0,
          "Stockholders Equity": 54750000000.0,
          "Gains Losses Not Affecting Retained Earnings": -41000000.0,
          "Other Equity Adjustments": -41000000.0,
          "Treasury Stock": 3099000000.0,
          "Retained Earnings": -131000000.0,
          "Additional Paid In Capital": 58005000000.0,
          "Capital Stock": 16000000.0,
          "Common Stock": 16000000.0,
          "Total Liabilities Net Minority Interest": 12830000000.0,
          "Total Non Current Liabilities Net Minority Interest": 6461000000.0,
          "Other Non Current Liabilities": 1664000000.0,
          "Non Current Deferred Liabilities": 1934000000.0,
          "Non Current Deferred Taxes Liabilities": 1934000000.0,
          "Long Term Debt And Capital Lease Obligation": 2863000000.0,
          "Long Term Capital Lease Obligation": 396000000.0,
          "Long Term Debt": 2467000000.0,
          "Current Liabilities": 6369000000.0,
          "Other Current Liabilities": 336000000.0,
          "Current Deferred Liabilities": 859000000.0,
          "Current Deferred Revenue": 859000000.0,
          "Current Debt And Capital Lease Obligation": NaN,
          "Current Debt": NaN,
          "Other Current Borrowings": NaN,
          "Pensionand Other Post Retirement Benefit Plans Current": 701000000.0,
          "Payables And Accrued Expenses": 5332000000.0,
          "Current Accrued Expenses": 2376000000.0,
          "Payables": 2956000000.0,
          "Dueto Related Parties Current": 463000000.0,
          "Accounts Payable": 2493000000.0,
          "Total Assets": 67580000000.0,
          "Total Non Current Assets": 52561000000.0,
          "Other Non Current Assets": 2152000000.0,
          "Non Current Prepaid Assets": 1252000000.0,
          "Non Current Deferred Assets": 58000000.0,
          "Non Current Deferred Taxes Assets": 58000000.0,
          "Investments And Advances": 83000000.0,
          "Long Term Equity Investment": 83000000.0,
          "Goodwill And Other Intangible Assets": 48295000000.0,
          "Other Intangible Assets": 24118000000.0,
          "Goodwill": 24177000000.0,
          "Net PPE": 1973000000.0,
          "Accumulated Depreciation": -1507000000.0,
          "Gross PPE": 3480000000.0,
          "Leases": NaN,
          "Construction In Progress": 143000000.0,
          "Other Properties": 2623000000.0,
          "Machinery Furniture Equipment": 2163000000.0,
          "Buildings And Improvements": 594000000.0,
          "Land And Improvements": 120000000.0,
          "Properties": 714000000.0,
          "Current Assets": 15019000000.0,
          "Other Current Assets": 1265000000.0,
          "Prepaid Assets": NaN,
          "Inventory": 3771000000.0,
          "Finished Goods": 892000000.0,
          "Work In Process": 2648000000.0,
          "Raw Materials": 231000000.0,
          "Receivables": 4128000000.0,
          "Other Receivables": NaN,
          "Duefrom Related Parties Current": 2000000.0,
          "Accounts Receivable": 4126000000.0,
          "Cash Cash Equivalents And Short Term Investments": 5855000000.0,
          "Other Short Term Investments": 1020000000.0,
          "Cash And Cash Equivalents": 4835000000.0
        },
        "2021-12-31": {
          "Treasury Shares Number": 25000000.0,
          "Ordinary Shares Number": 1207000000.0,
          "Share Issued": 1232000000.0,
          "Total Debt": 661000000.0,
          "Tangible Book Value": 6885000000.0,
          "Invested Capital": 7810000000.0,
          "Working Capital": 4343000000.0,
          "Net Tangible Assets": 6885000000.0,
          "Capital Lease Obligations": 348000000.0,
          "Common Stock Equity": 7497000000.0,
          "Total Capitalization": 7498000000.0,
          "Total Equity Gross Minority Interest": 7497000000.0,
          "Stockholders Equity": 7497000000.0,
          "Gains Losses Not Affecting Retained Earnings": -3000000.0,
          "Other Equity Adjustments": -3000000.0,
          "Treasury Stock": 2130000000.0,
          "Retained Earnings": -1451000000.0,
          "Additional Paid In Capital": 11069000000.0,
          "Capital Stock": 12000000.0,
          "Common Stock": 12000000.0,
          "Total Liabilities Net Minority Interest": 4922000000.0,
          "Total Non Current Liabilities Net Minority Interest": 682000000.0,
          "Other Non Current Liabilities": 321000000.0,
          "Non Current Deferred Liabilities": 12000000.0,
          "Non Current Deferred Taxes Liabilities": 12000000.0,
          "Long Term Debt And Capital Lease Obligation": 349000000.0,
          "Long Term Capital Lease Obligation": 348000000.0,
          "Long Term Debt": 1000000.0,
          "Current Liabilities": 4240000000.0,
          "Other Current Liabilities": 98000000.0,
          "Current Deferred Liabilities": 314000000.0,
          "Current Deferred Revenue": 314000000.0,
          "Current Debt And Capital Lease Obligation": 312000000.0,
          "Current Debt": 312000000.0,
          "Other Current Borrowings": 312000000.0,
          "Pensionand Other Post Retirement Benefit Plans Current": 705000000.0,
          "Payables And Accrued Expenses": 3125000000.0,
          "Current Accrued Expenses": 1719000000.0,
          "Payables": 1406000000.0,
          "Dueto Related Parties Current": 85000000.0,
          "Accounts Payable": 1321000000.0,
          "Total Assets": 12419000000.0,
          "Total Non Current Assets": 3836000000.0,
          "Other Non Current Assets": 239000000.0,
          "Non Current Prepaid Assets": 916000000.0,
          "Non Current Deferred Assets": 931000000.0,
          "Non Current Deferred Taxes Assets": 931000000.0,
          "Investments And Advances": 69000000.0,
          "Long Term Equity Investment": 69000000.0,
          "Goodwill And Other Intangible Assets": 612000000.0,
          "Other Intangible Assets": 323000000.0,
          "Goodwill": 289000000.0,
          "Net PPE": 1069000000.0,
          "Accumulated Depreciation": -1134000000.0,
          "Gross PPE": 2203000000.0,
          "Leases": 206000000.0,
          "Construction In Progress": 96000000.0,
          "Other Properties": 1901000000.0,
          "Machinery Furniture Equipment": 1534000000.0,
          "Buildings And Improvements": 206000000.0,
          "Land And Improvements": 0.0,
          "Properties": 0.0,
          "Current Assets": 8583000000.0,
          "Other Current Assets": 312000000.0,
          "Prepaid Assets": 312000000.0,
          "Inventory": 1955000000.0,
          "Finished Goods": 197000000.0,
          "Work In Process": 1676000000.0,
          "Raw Materials": 82000000.0,
          "Receivables": 2708000000.0,
          "Other Receivables": NaN,
          "Duefrom Related Parties Current": 2000000.0,
          "Accounts Receivable": 2706000000.0,
          "Cash Cash Equivalents And Short Term Investments": 3608000000.0,
          "Other Short Term Investments": 1073000000.0,
          "Cash And Cash Equivalents": 2535000000.0
        }
      },
      "cashflow": {
        "2024-12-31": {
          "Free Cash Flow": 2405000000.0,
          "Repurchase Of Capital Stock": -1590000000.0,
          "Repayment Of Debt": -750000000.0,
          "Issuance Of Debt": 0.0,
          "Capital Expenditure": -636000000.0,
          "Interest Paid Supplemental Data": 72000000.0,
          "Income Tax Paid Supplemental Data": 1386000000.0,
          "End Cash Position": 3811000000.0,
          "Beginning Cash Position": 3933000000.0,
          "Changes In Cash": -122000000.0,
          "Financing Cash Flow": -2062000000.0,
          "Cash Flow From Continuing Financing Activities": -2062000000.0,
          "Net Other Financing Charges": -1000000.0,
          "Proceeds From Stock Option Exercised": 279000000.0,
          "Net Common Stock Issuance": -1590000000.0,
          "Common Stock Payments": -1590000000.0,
          "Net Issuance Payments Of Debt": -750000000.0,
          "Net Short Term Debt Issuance": NaN,
          "Short Term Debt Issuance": NaN,
          "Net Long Term Debt Issuance": -750000000.0,
          "Long Term Debt Payments": -750000000.0,
          "Long Term Debt Issuance": 0.0,
          "Investing Cash Flow": -1101000000.0,
          "Cash Flow From Continuing Investing Activities": -1101000000.0,
          "Net Other Investing Changes": -98000000.0,
          "Net Investment Purchase And Sale": 198000000.0,
          "Sale Of Investment": 2032000000.0,
          "Purchase Of Investment": -1834000000.0,
          "Net Business Purchase And Sale": -565000000.0,
          "Sale Of Business": 0.0,
          "Purchase Of Business": -565000000.0,
          "Net PPE Purchase And Sale": -636000000.0,
          "Purchase Of PPE": -636000000.0,
          "Operating Cash Flow": 3041000000.0,
          "Cash Flow From Continuing Operating Activities": 3041000000.0,
          "Change In Working Capital": -2098000000.0,
          "Change In Other Working Capital": 108000000.0,
          "Change In Payables And Accrued Expense": 774000000.0,
          "Change In Accrued Expense": 883000000.0,
          "Change In Payable": -109000000.0,
          "Change In Account Payable": -109000000.0,
          "Change In Prepaid Assets": 343000000.0,
          "Change In Inventory": -1458000000.0,
          "Change In Receivables": -1865000000.0,
          "Changes In Account Receivables": -1865000000.0,
          "Other Non Cash Items": 77000000.0,
          "Stock Based Compensation": 1407000000.0,
          "Deferred Tax": -1163000000.0,
          "Deferred Income Tax": -1163000000.0,
          "Depreciation Amortization Depletion": 3177000000.0,
          "Depreciation And Amortization": 3177000000.0,
          "Amortization Cash Flow": 2393000000.0,
          "Amortization Of Intangibles": 2393000000.0,
          "Depreciation": 784000000.0,
          "Operating Gains Losses": NaN,
          "Earnings Losses From Equity Investments": NaN,
          "Gain Loss On Investment Securities": NaN,
          "Gain Loss On Sale Of PPE": NaN,
          "Net Income From Continuing Operations": 1641000000.0
        },
        "2023-12-31": {
          "Free Cash Flow": 1121000000.0,
          "Repurchase Of Capital Stock": -1412000000.0,
          "Repayment Of Debt": 0.0,
          "Issuance Of Debt": 0.0,
          "Capital Expenditure": -546000000.0,
          "Interest Paid Supplemental Data": 84000000.0,
          "Income Tax Paid Supplemental Data": 523000000.0,
          "End Cash Position": 3933000000.0,
          "Beginning Cash Position": 4835000000.0,
          "Changes In Cash": -902000000.0,
          "Financing Cash Flow": -1146000000.0,
          "Cash Flow From Continuing Financing Activities": -1146000000.0,
          "Net Other Financing Charges": -2000000.0,
          "Proceeds From Stock Option Exercised": 268000000.0,
          "Net Common Stock Issuance": -1412000000.0,
          "Common Stock Payments": -1412000000.0,
          "Net Issuance Payments Of Debt": 0.0,
          "Net Short Term Debt Issuance": NaN,
          "Short Term Debt Issuance": NaN,
          "Net Long Term Debt Issuance": 0.0,
          "Long Term Debt Payments": 0.0,
          "Long Term Debt Issuance": 0.0,
          "Investing Cash Flow": -1423000000.0,
          "Cash Flow From Continuing Investing Activities": -1423000000.0,
          "Net Other Investing Changes": -11000000.0,
          "Net Investment Purchase And Sale": -746000000.0,
          "Sale Of Investment": 2987000000.0,
          "Purchase Of Investment": -3733000000.0,
          "Net Business Purchase And Sale": -131000000.0,
          "Sale Of Business": 0.0,
          "Purchase Of Business": -131000000.0,
          "Net PPE Purchase And Sale": -546000000.0,
          "Purchase Of PPE": -546000000.0,
          "Operating Cash Flow": 1667000000.0,
          "Cash Flow From Continuing Operating Activities": 1667000000.0,
          "Change In Working Capital": -3049000000.0,
          "Change In Other Working Capital": -107000000.0,
          "Change In Payables And Accrued Expense": -640000000.0,
          "Change In Accrued Expense": -221000000.0,
          "Change In Payable": -419000000.0,
          "Change In Account Payable": -419000000.0,
          "Change In Prepaid Assets": -383000000.0,
          "Change In Inventory": -580000000.0,
          "Change In Receivables": -1339000000.0,
          "Changes In Account Receivables": -1339000000.0,
          "Other Non Cash Items": -54000000.0,
          "Stock Based Compensation": 1384000000.0,
          "Deferred Tax": -1019000000.0,
          "Deferred Income Tax": -1019000000.0,
          "Depreciation Amortization Depletion": 3551000000.0,
          "Depreciation And Amortization": 3551000000.0,
          "Amortization Cash Flow": 2811000000.0,
          "Amortization Of Intangibles": 2811000000.0,
          "Depreciation": 740000000.0,
          "Operating Gains Losses": 10000000.0,
          "Earnings Losses From Equity Investments": -1000000.0,
          "Gain Loss On Investment Securities": NaN,
          "Gain Loss On Sale Of PPE": 11000000.0,
          "Net Income From Continuing Operations": 854000000.0
        },
        "2022-12-31": {
          "Free Cash Flow": 3115000000.0,
          "Repurchase Of Capital Stock": -4108000000.0,
          "Repayment Of Debt": -312000000.0,
          "Issuance Of Debt": 991000000.0,
          "Capital Expenditure": -450000000.0,
          "Interest Paid Supplemental Data": 85000000.0,
          "Income Tax Paid Supplemental Data": 685000000.0,
          "End Cash Position": 4835000000.0,
          "Beginning Cash Position": 2535000000.0,
          "Changes In Cash": 2300000000.0,
          "Financing Cash Flow": -3264000000.0,
          "Cash Flow From Continuing Financing Activities": -3264000000.0,
          "Net Other Financing Charges": -2000000.0,
          "Proceeds From Stock Option Exercised": 167000000.0,
          "Net Common Stock Issuance": -4108000000.0,
          "Common Stock Payments": -4108000000.0,
          "Net Issuance Payments Of Debt": 679000000.0,
          "Net Short Term Debt Issuance": NaN,
          "Short Term Debt Issuance": NaN,
          "Net Long Term Debt Issuance": 679000000.0,
          "Long Term Debt Payments": -312000000.0,
          "Long Term Debt Issuance": 991000000.0,
          "Investing Cash Flow": 1999000000.0,
          "Cash Flow From Continuing Investing Activities": 1999000000.0,
          "Net Other Investing Changes": -11000000.0,
          "Net Investment Purchase And Sale": 1638000000.0,
          "Sale Of Investment": 4310000000.0,
          "Purchase Of Investment": -2672000000.0,
          "Net Business Purchase And Sale": 822000000.0,
          "Sale Of Business": 2366000000.0,
          "Purchase Of Business": -1544000000.0,
          "Net PPE Purchase And Sale": -450000000.0,
          "Purchase Of PPE": -450000000.0,
          "Operating Cash Flow": 3565000000.0,
          "Cash Flow From Continuing Operating Activities": 3565000000.0,
          "Change In Working Capital": -1846000000.0,
          "Change In Other Working Capital": 366000000.0,
          "Change In Payables And Accrued Expense": 1477000000.0,
          "Change In Accrued Expense": 546000000.0,
          "Change In Payable": 931000000.0,
          "Change In Account Payable": 931000000.0,
          "Change In Prepaid Assets": -2010000000.0,
          "Change In Inventory": -1401000000.0,
          "Change In Receivables": -278000000.0,
          "Changes In Account Receivables": -278000000.0,
          "Other Non Cash Items": 253000000.0,
          "Stock Based Compensation": 1081000000.0,
          "Deferred Tax": -1505000000.0,
          "Deferred Income Tax": -1505000000.0,
          "Depreciation Amortization Depletion": 4262000000.0,
          "Depreciation And Amortization": 4262000000.0,
          "Amortization Cash Flow": 3548000000.0,
          "Amortization Of Intangibles": 3548000000.0,
          "Depreciation": 714000000.0,
          "Operating Gains Losses": 78000000.0,
          "Earnings Losses From Equity Investments": 62000000.0,
          "Gain Loss On Investment Securities": 62000000.0,
          "Gain Loss On Sale Of PPE": 16000000.0,
          "Net Income From Continuing Operations": 1320000000.0
        },
        "2021-12-31": {
          "Free Cash Flow": 3220000000.0,
          "Repurchase Of Capital Stock": -1999000000.0,
          "Repayment Of Debt": 0.0,
          "Issuance Of Debt": 0.0,
          "Capital Expenditure": -301000000.0,
          "Interest Paid Supplemental Data": 25000000.0,
          "Income Tax Paid Supplemental Data": 35000000.0,
          "End Cash Position": 2535000000.0,
          "Beginning Cash Position": 1595000000.0,
          "Changes In Cash": 940000000.0,
          "Financing Cash Flow": -1895000000.0,
          "Cash Flow From Continuing Financing Activities": -1895000000.0,
          "Net Other Financing Charges": NaN,
          "Proceeds From Stock Option Exercised": 104000000.0,
          "Net Common Stock Issuance": -1999000000.0,
          "Common Stock Payments": -1999000000.0,
          "Net Issuance Payments Of Debt": 0.0,
          "Net Short Term Debt Issuance": 0.0,
          "Short Term Debt Issuance": 0.0,
          "Net Long Term Debt Issuance": 0.0,
          "Long Term Debt Payments": 0.0,
          "Long Term Debt Issuance": 0.0,
          "Investing Cash Flow": -686000000.0,
          "Cash Flow From Continuing Investing Activities": -686000000.0,
          "Net Other Investing Changes": -7000000.0,
          "Net Investment Purchase And Sale": -378000000.0,
          "Sale Of Investment": 1678000000.0,
          "Purchase Of Investment": -2056000000.0,
          "Net Business Purchase And Sale": 0.0,
          "Sale Of Business": 0.0,
          "Purchase Of Business": 0.0,
          "Net PPE Purchase And Sale": -301000000.0,
          "Purchase Of PPE": -301000000.0,
          "Operating Cash Flow": 3521000000.0,
          "Cash Flow From Continuing Operating Activities": 3521000000.0,
          "Change In Working Capital": -774000000.0,
          "Change In Other Working Capital": NaN,
          "Change In Payables And Accrued Expense": 1334000000.0,
          "Change In Accrued Expense": 526000000.0,
          "Change In Payable": 808000000.0,
          "Change In Account Payable": 801000000.0,
          "Change In Prepaid Assets": -920000000.0,
          "Change In Inventory": -556000000.0,
          "Change In Receivables": -632000000.0,
          "Changes In Account Receivables": -640000000.0,
          "Other Non Cash Items": -2000000.0,
          "Stock Based Compensation": 379000000.0,
          "Deferred Tax": 308000000.0,
          "Deferred Income Tax": 308000000.0,
          "Depreciation Amortization Depletion": 463000000.0,
          "Depreciation And Amortization": 463000000.0,
          "Amortization Cash Flow": NaN,
          "Amortization Of Intangibles": NaN,
          "Depreciation": 463000000.0,
          "Operating Gains Losses": -15000000.0,
          "Earnings Losses From Equity Investments": -56000000.0,
          "Gain Loss On Investment Securities": -56000000.0,
          "Gain Loss On Sale Of PPE": 34000000.0,
          "Net Income From Continuing Operations": 3162000000.0
        }
      },
      "incomestatement": {
        "2024-12-31": {
          "Tax Effect Of Unusual Items": -35340000.0,
          "Tax Rate For Calcs": 0.19,
          "Normalized EBITDA": 5444000000.0,
          "Total Unusual Items": -186000000.0,
          "Total Unusual Items Excluding Goodwill": -186000000.0,
          "Net Income From Continuing Operation Net Minority Interest": 1641000000.0,
          "Reconciled Depreciation": 3177000000.0,
          "Reconciled Cost Of Revenue": 11331000000.0,
          "EBITDA": 5258000000.0,
          "EBIT": 2081000000.0,
          "Interest Income": 182000000.0,
          "Normalized Income": 1791660000.0,
          "Net Income From Continuing And Discontinued Operation": 1641000000.0,
          "Total Expenses": 23699000000.0,
          "Total Operating Income As Reported": 1900000000.0,
          "Diluted Average Shares": 1637000000.0,
          "Basic Average Shares": 1620000000.0,
          "Diluted EPS": 1.0,
          "Basic EPS": 1.01,
          "Diluted NI Availto Com Stockholders": 1641000000.0,
          "Average Dilution Earnings": NaN,
          "Net Income Common Stockholders": 1641000000.0,
          "Net Income": 1641000000.0,
          "Net Income Including Noncontrolling Interests": 1641000000.0,
          "Net Income Continuous Operations": 1641000000.0,
          "Earnings From Equity Interest Net Of Tax": 33000000.0,
          "Tax Provision": 381000000.0,
          "Pretax Income": 1989000000.0,
          "Other Income Expense": -187000000.0,
          "Other Non Operating Income Expenses": -3000000.0,
          "Special Income Charges": -186000000.0,
          "Other Special Charges": NaN,
          "Restructuring And Mergern Acquisition": 186000000.0,
          "Earnings From Equity Interest": 2000000.0,
          "Net Non Operating Interest Income Expense": 90000000.0,
          "Interest Expense Non Operating": 92000000.0,
          "Interest Income Non Operating": 182000000.0,
          "Operating Income": 2086000000.0,
          "Operating Expense": 10639000000.0,
          "Other Operating Expenses": -48000000.0,
          "Depreciation Amortization Depletion Income Statement": 1448000000.0,
          "Depreciation And Amortization In Income Statement": 1448000000.0,
          "Amortization": 1448000000.0,
          "Amortization Of Intangibles Income Statement": 1448000000.0,
          "Research And Development": 6456000000.0,
          "Selling General And Administration": 2783000000.0,
          "Gross Profit": 12725000000.0,
          "Cost Of Revenue": 13060000000.0,
          "Operating Revenue": 25785000000.0
        },
        "2023-12-31": {
          "Tax Effect Of Unusual Items": 0.0,
          "Tax Rate For Calcs": 0.21,
          "Normalized EBITDA": 4149000000.0,
          "Total Unusual Items": 0.0,
          "Total Unusual Items Excluding Goodwill": 0.0,
          "Net Income From Continuing Operation Net Minority Interest": 854000000.0,
          "Reconciled Depreciation": 3551000000.0,
          "Reconciled Cost Of Revenue": 10538000000.0,
          "EBITDA": 4149000000.0,
          "EBIT": 598000000.0,
          "Interest Income": 206000000.0,
          "Normalized Income": 854000000.0,
          "Net Income From Continuing And Discontinued Operation": 854000000.0,
          "Total Expenses": 22279000000.0,
          "Total Operating Income As Reported": 401000000.0,
          "Diluted Average Shares": 1625000000.0,
          "Basic Average Shares": 1614000000.0,
          "Diluted EPS": 0.53,
          "Basic EPS": 0.53,
          "Diluted NI Availto Com Stockholders": 854000000.0,
          "Average Dilution Earnings": NaN,
          "Net Income Common Stockholders": 854000000.0,
          "Net Income": 854000000.0,
          "Net Income Including Noncontrolling Interests": 854000000.0,
          "Net Income Continuous Operations": 854000000.0,
          "Earnings From Equity Interest Net Of Tax": 16000000.0,
          "Tax Provision": -346000000.0,
          "Pretax Income": 492000000.0,
          "Other Income Expense": -9000000.0,
          "Other Non Operating Income Expenses": -8000000.0,
          "Special Income Charges": 0.0,
          "Other Special Charges": NaN,
          "Restructuring And Mergern Acquisition": 0.0,
          "Earnings From Equity Interest": -1000000.0,
          "Net Non Operating Interest Income Expense": 100000000.0,
          "Interest Expense Non Operating": 106000000.0,
          "Interest Income Non Operating": 206000000.0,
          "Operating Income": 401000000.0,
          "Operating Expense": 10059000000.0,
          "Other Operating Expenses": -34000000.0,
          "Depreciation Amortization Depletion Income Statement": 1869000000.0,
          "Depreciation And Amortization In Income Statement": 1869000000.0,
          "Amortization": 1869000000.0,
          "Amortization Of Intangibles Income Statement": 1869000000.0,
          "Research And Development": 5872000000.0,
          "Selling General And Administration": 2352000000.0,
          "Gross Profit": 10460000000.0,
          "Cost Of Revenue": 12220000000.0,
          "Operating Revenue": 22680000000.0
        },
        "2022-12-31": {
          "Tax Effect Of Unusual Items": 0.0,
          "Tax Rate For Calcs": 0.21,
          "Normalized EBITDA": 5534000000.0,
          "Total Unusual Items": 0.0,
          "Total Unusual Items Excluding Goodwill": 0.0,
          "Net Income From Continuing Operation Net Minority Interest": 1320000000.0,
          "Reconciled Depreciation": 4262000000.0,
          "Reconciled Cost Of Revenue": 10836000000.0,
          "EBITDA": 5534000000.0,
          "EBIT": 1272000000.0,
          "Interest Income": 65000000.0,
          "Normalized Income": 1320000000.0,
          "Net Income From Continuing And Discontinued Operation": 1320000000.0,
          "Total Expenses": 22337000000.0,
          "Total Operating Income As Reported": 1264000000.0,
          "Diluted Average Shares": 1571000000.0,
          "Basic Average Shares": 1561000000.0,
          "Diluted EPS": 0.84,
          "Basic EPS": 0.85,
          "Diluted NI Availto Com Stockholders": 1320000000.0,
          "Average Dilution Earnings": 0.0,
          "Net Income Common Stockholders": 1320000000.0,
          "Net Income": 1320000000.0,
          "Net Income Including Noncontrolling Interests": 1320000000.0,
          "Net Income Continuous Operations": 1320000000.0,
          "Earnings From Equity Interest Net Of Tax": 14000000.0,
          "Tax Provision": -122000000.0,
          "Pretax Income": 1184000000.0,
          "Other Income Expense": -57000000.0,
          "Other Non Operating Income Expenses": 5000000.0,
          "Special Income Charges": 0.0,
          "Other Special Charges": NaN,
          "Restructuring And Mergern Acquisition": 0.0,
          "Earnings From Equity Interest": -62000000.0,
          "Net Non Operating Interest Income Expense": -23000000.0,
          "Interest Expense Non Operating": 88000000.0,
          "Interest Income Non Operating": 65000000.0,
          "Operating Income": 1264000000.0,
          "Operating Expense": 9339000000.0,
          "Other Operating Expenses": -102000000.0,
          "Depreciation Amortization Depletion Income Statement": 2100000000.0,
          "Depreciation And Amortization In Income Statement": 2100000000.0,
          "Amortization": 2100000000.0,
          "Amortization Of Intangibles Income Statement": 2100000000.0,
          "Research And Development": 5005000000.0,
          "Selling General And Administration": 2336000000.0,
          "Gross Profit": 10603000000.0,
          "Cost Of Revenue": 12998000000.0,
          "Operating Revenue": 23601000000.0
        },
        "2021-12-31": {
          "Tax Effect Of Unusual Items": -978740.801308,
          "Tax Rate For Calcs": 0.13982,
          "Normalized EBITDA": 4173000000.0,
          "Total Unusual Items": -7000000.0,
          "Total Unusual Items Excluding Goodwill": -7000000.0,
          "Net Income From Continuing Operation Net Minority Interest": 3162000000.0,
          "Reconciled Depreciation": 463000000.0,
          "Reconciled Cost Of Revenue": 8042000000.0,
          "EBITDA": 4166000000.0,
          "EBIT": 3703000000.0,
          "Interest Income": 8000000.0,
          "Normalized Income": 3168021259.198692,
          "Net Income From Continuing And Discontinued Operation": 3162000000.0,
          "Total Expenses": 12786000000.0,
          "Total Operating Income As Reported": 3648000000.0,
          "Diluted Average Shares": 1229000000.0,
          "Basic Average Shares": 1213000000.0,
          "Diluted EPS": 2.57,
          "Basic EPS": 2.61,
          "Diluted NI Availto Com Stockholders": 3162000000.0,
          "Average Dilution Earnings": 0.0,
          "Net Income Common Stockholders": 3162000000.0,
          "Net Income": 3162000000.0,
          "Net Income Including Noncontrolling Interests": 3162000000.0,
          "Net Income Continuous Operations": 3162000000.0,
          "Earnings From Equity Interest Net Of Tax": 6000000.0,
          "Tax Provision": 513000000.0,
          "Pretax Income": 3669000000.0,
          "Other Income Expense": 47000000.0,
          "Other Non Operating Income Expenses": -2000000.0,
          "Special Income Charges": -7000000.0,
          "Other Special Charges": 7000000.0,
          "Restructuring And Mergern Acquisition": NaN,
          "Earnings From Equity Interest": 56000000.0,
          "Net Non Operating Interest Income Expense": -26000000.0,
          "Interest Expense Non Operating": 34000000.0,
          "Interest Income Non Operating": 8000000.0,
          "Operating Income": 3648000000.0,
          "Operating Expense": 4281000000.0,
          "Other Operating Expenses": -12000000.0,
          "Depreciation Amortization Depletion Income Statement": 0.0,
          "Depreciation And Amortization In Income Statement": 0.0,
          "Amortization": 0.0,
          "Amortization Of Intangibles Income Statement": 0.0,
          "Research And Development": 2845000000.0,
          "Selling General And Administration": 1448000000.0,
          "Gross Profit": 7929000000.0,
          "Cost Of Revenue": 8505000000.0,
          "Operating Revenue": 16434000000.0
        }
      }
    },
    "finnhub": {
      "overview": {
        "name": "Advanced Micro Devices Inc",
        "currency": "USD",
        "marketCap": 364030082284.93274
      },
      "balancesheet": {},
      "cashflow": {},
      "incomestatement": {}
    },
    "alphavantage": {
      "overview": {
        "name": "Advanced Micro Devices Inc",
        "currency": "USD",
        "marketCap": 359748370000.0,
        "peRatio": 116.3
      },
      "balancesheet": {},
      "cashflow": {
        "2024-12-31": {
          "operatingCashFlow": 3041000000.0,
          "capitalExpenditures": 636000000.0,
          "freeCashFlow": null
        },
        "2023-12-31": {
          "operatingCashFlow": 1667000000.0,
          "capitalExpenditures": 546000000.0,
          "freeCashFlow": null
        },
        "2022-12-31": {
          "operatingCashFlow": 3565000000.0,
          "capitalExpenditures": 450000000.0,
          "freeCashFlow": null
        },
        "2021-12-31": {
          "operatingCashFlow": 3521000000.0,
          "capitalExpenditures": 301000000.0,
          "freeCashFlow": null
        },
        "2020-12-31": {
          "operatingCashFlow": 1071000000.0,
          "capitalExpenditures": 294000000.0,
          "freeCashFlow": null
        },
        "2019-12-31": {
          "operatingCashFlow": 493000000.0,
          "capitalExpenditures": 217000000.0,
          "freeCashFlow": null
        },
        "2018-12-31": {
          "operatingCashFlow": 34000000.0,
          "capitalExpenditures": 163000000.0,
          "freeCashFlow": null
        },
        "2017-12-31": {
          "operatingCashFlow": 68000000.0,
          "capitalExpenditures": 113000000.0,
          "freeCashFlow": null
        },
        "2016-12-31": {
          "operatingCashFlow": 90000000.0,
          "capitalExpenditures": 77000000.0,
          "freeCashFlow": null
        },
        "2015-12-31": {
          "operatingCashFlow": -237000000.0,
          "capitalExpenditures": 96000000.0,
          "freeCashFlow": null
        },
        "2014-12-31": {
          "operatingCashFlow": -98000000.0,
          "capitalExpenditures": 95000000.0,
          "freeCashFlow": null
        },
        "2013-12-31": {
          "operatingCashFlow": -148000000.0,
          "capitalExpenditures": 84000000.0,
          "freeCashFlow": null
        },
        "2012-12-31": {
          "operatingCashFlow": -338000000.0,
          "capitalExpenditures": 133000000.0,
          "freeCashFlow": null
        },
        "2011-12-31": {
          "operatingCashFlow": 382000000.0,
          "capitalExpenditures": 250000000.0,
          "freeCashFlow": null
        },
        "2010-12-31": {
          "operatingCashFlow": -412000000.0,
          "capitalExpenditures": 148000000.0,
          "freeCashFlow": null
        },
        "2009-12-31": {
          "operatingCashFlow": 473000000.0,
          "capitalExpenditures": 466000000.0,
          "freeCashFlow": null
        },
        "2008-12-31": {
          "operatingCashFlow": -692000000.0,
          "capitalExpenditures": 624000000.0,
          "freeCashFlow": null
        },
        "2007-12-31": {
          "operatingCashFlow": -310000000.0,
          "capitalExpenditures": 1685000000.0,
          "freeCashFlow": null
        },
        "2006-12-31": {
          "operatingCashFlow": 1287000000.0,
          "capitalExpenditures": 1857000000.0,
          "freeCashFlow": null
        },
        "2005-12-31": {
          "operatingCashFlow": 1482855000.0,
          "capitalExpenditures": 1513173000.0,
          "freeCashFlow": null
        }
      },
      "incomestatement": {
        "2024-12-31": {
          "totalRevenue": 25785000000.0,
          "netIncome": 1641000000.0,
          "eps": null,
          "interestExpense": 92000000.0,
          "netInterestIncome": 90000000.0
        },
        "2023-12-31": {
          "totalRevenue": 22680000000.0,
          "netIncome": 854000000.0,
          "eps": null,
          "interestExpense": 106000000.0,
          "netInterestIncome": -33000000.0
        },
        "2022-12-31": {
          "totalRevenue": 23601000000.0,
          "netIncome": 1320000000.0,
          "eps": null,
          "interestExpense": 34000000.0,
          "netInterestIncome": -88000000.0
        },
        "2021-12-31": {
          "totalRevenue": 16434000000.0,
          "netIncome": 3162000000.0,
          "eps": null,
          "interestExpense": 47000000.0,
          "netInterestIncome": -34000000.0
        },
        "2020-12-31": {
          "totalRevenue": 9763000000.0,
          "netIncome": 2490000000.0,
          "eps": null,
          "interestExpense": 94000000.0,
          "netInterestIncome": -47000000.0
        },
        "2019-12-31": {
          "totalRevenue": 6731000000.0,
          "netIncome": 341000000.0,
          "eps": null,
          "interestExpense": 94000000.0,
          "netInterestIncome": -79000000.0
        },
        "2018-12-31": {
          "totalRevenue": 6475000000.0,
          "netIncome": 337000000.0,
          "eps": null,
          "interestExpense": 121000000.0,
          "netInterestIncome": -103000000.0
        },
        "2017-12-31": {
          "totalRevenue": 5329000000.0,
          "netIncome": 43000000.0,
          "eps": null,
          "interestExpense": 126000000.0,
          "netInterestIncome": -120000000.0
        },
        "2016-12-31": {
          "totalRevenue": 4272000000.0,
          "netIncome": -487000000.0,
          "eps": null,
          "interestExpense": 156000000.0,
          "netInterestIncome": -154000000.0
        },
        "2015-12-31": {
          "totalRevenue": 3991000000.0,
          "netIncome": -660000000.0,
          "eps": null,
          "interestExpense": 160000000.0,
          "netInterestIncome": null
        },
        "2014-12-31": {
          "totalRevenue": 5506000000.0,
          "netIncome": -403000000.0,
          "eps": null,
          "interestExpense": 177000000.0,
          "netInterestIncome": null
        },
        "2013-12-31": {
          "totalRevenue": 5299000000.0,
          "netIncome": -83000000.0,
          "eps": null,
          "interestExpense": 177000000.0,
          "netInterestIncome": null
        },
        "2012-12-31": {
          "totalRevenue": 5422000000.0,
          "netIncome": -1183000000.0,
          "eps": null,
          "interestExpense": 175000000.0,
          "netInterestIncome": null
        },
        "2011-12-31": {
          "totalRevenue": 6568000000.0,
          "netIncome": 491000000.0,
          "eps": null,
          "interestExpense": 180000000.0,
          "netInterestIncome": null
        },
        "2010-12-31": {
          "totalRevenue": 6494000000.0,
          "netIncome": 471000000.0,
          "eps": null,
          "interestExpense": 199000000.0,
          "netInterestIncome": null
        },
        "2009-12-31": {
          "totalRevenue": 5403000000.0,
          "netIncome": 376000000.0,
          "eps": null,
          "interestExpense": 438000000.0,
          "netInterestIncome": null
        },
        "2008-12-31": {
          "totalRevenue": 5808000000.0,
          "netIncome": -3098000000.0,
          "eps": null,
          "interestExpense": 2129000000.0,
          "netInterestIncome": null
        },
        "2007-12-31": {
          "totalRevenue": 6013000000.0,
          "netIncome": -3379000000.0,
          "eps": null,
          "interestExpense": 2106000000.0,
          "netInterestIncome": null
        },
        "2006-12-31": {
          "totalRevenue": 5649000000.0,
          "netIncome": -166000000.0,
          "eps": null,
          "interestExpense": 941000000.0,
          "netInterestIncome": null
        },
        "2005-12-31": {
          "totalRevenue": 5847577000.0,
          "netIncome": 165483000.0,
          "eps": null,
          "interestExpense": 182495000.0,
          "netInterestIncome": null
        }
      }
    }
  },
  "timestamp": "2026-01-15T08:33:26.425311+00:00"
}