{
  "symbol": "NVDA",
  "chosen_source": "alphavantage",
  "years_found": 20,
  "available_years": [
    "2006",
    "2007",
    "2008",
    "2009",
    "2010",
    "2011",
    "2012",
    "2013",
    "2014",
    "2015",
    "2016",
    "2017",
    "2018",
    "2019",
    "2020",
    "2021",
    "2022",
    "2023",
    "2024",
    "2025"
  ],
  "all_scores": {
    "yfinance": 5,
    "finnhub": 4,
    "alphavantage": 20
  },
  "final_payload": {
    "overview": {
      "name": "NVIDIA Corporation",
      "currency": "USD",
      "marketCap": 4335470641000.0,
      "peRatio": 44.08
    },
    "balancesheet": {
      "2025-01-31": {
        "totalAssets": 111601000000.0,
        "totalLiabilities": 32274000000.0,
        "shareholderEquity": 79327000000.0
      },
      "2024-01-31": {
        "totalAssets": 65728000000.0,
        "totalLiabilities": 22750000000.0,
        "shareholderEquity": 42978000000.0
      },
      "2023-01-31": {
        "totalAssets": 41182000000.0,
        "totalLiabilities": 19081000000.0,
        "shareholderEquity": 22101000000.0
      },
      "2022-01-31": {
        "totalAssets": 44187000000.0,
        "totalLiabilities": 17575000000.0,
        "shareholderEquity": 26612000000.0
      },
      "2021-01-31": {
        "totalAssets": 28791000000.0,
        "totalLiabilities": 11898000000.0,
        "shareholderEquity": 16893000000.0
      },
      "2020-01-31": {
        "totalAssets": 17315000000.0,
        "totalLiabilities": 5111000000.0,
        "shareholderEquity": 12204000000.0
      },
      "2019-01-31": {
        "totalAssets": 13292000000.0,
        "totalLiabilities": 3950000000.0,
        "shareholderEquity": 9342000000.0
      },
      "2018-01-31": {
        "totalAssets": 11241000000.0,
        "totalLiabilities": 3770000000.0,
        "shareholderEquity": 7471000000.0
      },
      "2017-01-31": {
        "totalAssets": 9841000000.0,
        "totalLiabilities": 4079000000.0,
        "shareholderEquity": 5762000000.0
      },
      "2016-01-31": {
        "totalAssets": 7370000000.0,
        "totalLiabilities": 2901000000.0,
        "shareholderEquity": 4469000000.0
      },
      "2015-01-31": {
        "totalAssets": 7201368000.0,
        "totalLiabilities": 2783386000.0,
        "shareholderEquity": 4417982000.0
      },
      "2014-01-31": {
        "totalAssets": 7250894000.0,
        "totalLiabilities": 2794496000.0,
        "shareholderEquity": 4456398000.0
      },
      "2013-01-31": {
        "totalAssets": 6412245000.0,
        "totalLiabilities": 1584542000.0,
        "shareholderEquity": 4827703000.0
      },
      "2012-01-31": {
        "totalAssets": 5552928000.0,
        "totalLiabilities": 1407204000.0,
        "shareholderEquity": 4145724000.0
      },
      "2011-01-31": {
        "totalAssets": 4495246000.0,
        "totalLiabilities": 1313784000.0,
        "shareholderEquity": 3181462000.0
      },
      "2010-01-31": {
        "totalAssets": 3585918000.0,
        "totalLiabilities": 920778000.0,
        "shareholderEquity": 2665140000.0
      },
      "2009-01-31": {
        "totalAssets": 3350727000.0,
        "totalLiabilities": 956075000.0,
        "shareholderEquity": 2394652000.0
      },
      "2008-01-31": {
        "totalAssets": 3747671000.0,
        "totalLiabilities": 1129759000.0,
        "shareholderEquity": 2617912000.0
      },
      "2007-01-31": {
        "totalAssets": 2675263000.0,
        "totalLiabilities": 668344000.0,
        "shareholderEquity": 2006919000.0
      },
      "2006-01-31": {
        "totalAssets": 1915299000.0,
        "totalLiabilities": 457543000.0,
        "shareholderEquity": 1457756000.0
      }
    },
    "cashflow": {
      "2025-01-31": {
        "operatingCashFlow": 64089000000.0,
        "capitalExpenditures": 3236000000.0,
        "freeCashFlow": null
      },
      "2024-01-31": {
        "operatingCashFlow": 28090000000.0,
        "capitalExpenditures": 1069000000.0,
        "freeCashFlow": null
      },
      "2023-01-31": {
        "operatingCashFlow": 5641000000.0,
        "capitalExpenditures": 1833000000.0,
        "freeCashFlow": null
      },
      "2022-01-31": {
        "operatingCashFlow": 9108000000.0,
        "capitalExpenditures": 976000000.0,
        "freeCashFlow": null
      },
      "2021-01-31": {
        "operatingCashFlow": 5822000000.0,
        "capitalExpenditures": 1128000000.0,
        "freeCashFlow": null
      },
      "2020-01-31": {
        "operatingCashFlow": 4761000000.0,
        "capitalExpenditures": 489000000.0,
        "freeCashFlow": null
      },
      "2019-01-31": {
        "operatingCashFlow": 3743000000.0,
        "capitalExpenditures": 600000000.0,
        "freeCashFlow": null
      },
      "2018-01-31": {
        "operatingCashFlow": 3502000000.0,
        "capitalExpenditures": 593000000.0,
        "freeCashFlow": null
      },
      "2017-01-31": {
        "operatingCashFlow": 1672000000.0,
        "capitalExpenditures": 176000000.0,
        "freeCashFlow": null
      },
      "2016-01-31": {
        "operatingCashFlow": 1175000000.0,
        "capitalExpenditures": 86000000.0,
        "freeCashFlow": null
      },
      "2015-01-31": {
        "operatingCashFlow": 906000000.0,
        "capitalExpenditures": 122000000.0,
        "freeCashFlow": null
      },
      "2014-01-31": {
        "operatingCashFlow": 835000000.0,
        "capitalExpenditures": 255000000.0,
        "freeCashFlow": null
      },
      "2013-01-31": {
        "operatingCashFlow": 824172000.0,
        "capitalExpenditures": 183309000.0,
        "freeCashFlow": null
      },
      "2012-01-31": {
        "operatingCashFlow": 909156000.0,
        "capitalExpenditures": 138735000.0,
        "freeCashFlow": null
      },
      "2011-01-31": {
        "operatingCashFlow": 675797000.0,
        "capitalExpenditures": 97890000.0,
        "freeCashFlow": null
      },
      "2010-01-31": {
        "operatingCashFlow": 487807000.0,
        "capitalExpenditures": 77601000.0,
        "freeCashFlow": null
      },
      "2009-01-31": {
        "operatingCashFlow": 249360000.0,
        "capitalExpenditures": 407670000.0,
        "freeCashFlow": null
      },
      "2008-01-31": {
        "operatingCashFlow": 1270196000.0,
        "capitalExpenditures": 187745000.0,
        "freeCashFlow": null
      },
      "2007-01-31": {
        "operatingCashFlow": 587111000.0,
        "capitalExpenditures": 145256000.0,
        "freeCashFlow": null
      },
      "2006-01-31": {
        "operatingCashFlow": 446408000.0,
        "capitalExpenditures": 79600000.0,
        "freeCashFlow": null
      }
    },
    "incomestatement": {
      "2025-01-31": {
        "totalRevenue": 130497000000.0,
        "netIncome": 72880000000.0,
        "eps": null,
        "interestExpense": 247000000.0,
        "netInterestIncome": 1539000000.0
      },
      "2024-01-31": {
        "totalRevenue": 60922000000.0,
        "netIncome": 29760000000.0,
        "eps": null,
        "interestExpense": 257000000.0,
        "netInterestIncome": 609000000.0
      },
      "2023-01-31": {
        "totalRevenue": 26974000000.0,
        "netIncome": 4368000000.0,
        "eps": null,
        "interestExpense": 262000000.0,
        "netInterestIncome": 5000000.0
      },
      "2022-01-31": {
        "totalRevenue": 26914000000.0,
        "netIncome": 9752000000.0,
        "eps": null,
        "interestExpense": 236000000.0,
        "netInterestIncome": -207000000.0
      },
      "2021-01-31": {
        "totalRevenue": 16675000000.0,
        "netIncome": 4332000000.0,
        "eps": null,
        "interestExpense": 184000000.0,
        "netInterestIncome": -127000000.0
      },
      "2020-01-31": {
        "totalRevenue": 10918000000.0,
        "netIncome": 2796000000.0,
        "eps": null,
        "interestExpense": 52000000.0,
        "netInterestIncome": 126000000.0
      },
      "2019-01-31": {
        "totalRevenue": 11716000000.0,
        "netIncome": 4141000000.0,
        "eps": null,
        "interestExpense": 58000000.0,
        "netInterestIncome": 78000000.0
      },
      "2018-01-31": {
        "totalRevenue": 9714000000.0,
        "netIncome": 3047000000.0,
        "eps": null,
        "interestExpense": 61000000.0,
        "netInterestIncome": 8000000.0
      },
      "2017-01-31": {
        "totalRevenue": 6910000000.0,
        "netIncome": 1666000000.0,
        "eps": null,
        "interestExpense": 58000000.0,
        "netInterestIncome": -4000000.0
      },
      "2016-01-31": {
        "totalRevenue": 5010000000.0,
        "netIncome": 614000000.0,
        "eps": null,
        "interestExpense": 47000000.0,
        "netInterestIncome": null
      },
      "2015-01-31": {
        "totalRevenue": 4682000000.0,
        "netIncome": 631000000.0,
        "eps": null,
        "interestExpense": 46000000.0,
        "netInterestIncome": null
      },
      "2014-01-31": {
        "totalRevenue": 4130000000.0,
        "netIncome": 440000000.0,
        "eps": null,
        "interestExpense": 10000000.0,
        "netInterestIncome": null
      },
      "2013-01-31": {
        "totalRevenue": 4280159000.0,
        "netIncome": 562536000.0,
        "eps": null,
        "interestExpense": 3294000.0,
        "netInterestIncome": null
      },
      "2012-01-31": {
        "totalRevenue": 3997930000.0,
        "netIncome": 581090000.0,
        "eps": null,
        "interestExpense": 3089000.0,
        "netInterestIncome": null
      },
      "2011-01-31": {
        "totalRevenue": 3543309000.0,
        "netIncome": 253146000.0,
        "eps": null,
        "interestExpense": 3127000.0,
        "netInterestIncome": null
      },
      "2010-01-31": {
        "totalRevenue": 3326445000.0,
        "netIncome": -67987000.0,
        "eps": null,
        "interestExpense": 3320000.0,
        "netInterestIncome": null
      },
      "2009-01-31": {
        "totalRevenue": 3424859000.0,
        "netIncome": -30041000.0,
        "eps": null,
        "interestExpense": 406000.0,
        "netInterestIncome": null
      },
      "2008-01-31": {
        "totalRevenue": 4097860000.0,
        "netIncome": 797645000.0,
        "eps": null,
        "interestExpense": 0.0,
        "netInterestIncome": null
      },
      "2007-01-31": {
        "totalRevenue": 3068771000.0,
        "netIncome": 448834000.0,
        "eps": null,
        "interestExpense": 21000.0,
        "netInterestIncome": null
      },
      "2006-01-31": {
        "totalRevenue": 2375687000.0,
        "netIncome": 302586000.0,
        "eps": null,
        "interestExpense": 72000.0,
        "netInterestIncome": null
      }
    }
  },
  "raw": {
    "yfinance": {
      "overview": {
        "marketCap": 4428841091072.0,
        "sharesOutstanding": 24305000000.0,
        "peRatio": 45.02599,
        "currency": "USD",
        "name": "NVIDIA Corporation",
        "sector": "Technology",
        "industry": "Semiconductors"
      },
      "balancesheet": {
        "2025-01-31": {
          "Treasury Shares Number": NaN,
          "Ordinary Shares Number": 24477000000.0,
          "Share Issued": 24477000000.0,
          "Net Debt": NaN,
          "Total Debt": 10270000000.0,
          "Tangible Book Value": 73332000000.0,
          "Invested Capital": 87790000000.0,
          "Working Capital": 62079000000.0,
          "Net Tangible Assets": 73332000000.0,
          "Capital Lease Obligations": 1807000000.0,
          "Common Stock Equity": 79327000000.0,
          "Total Capitalization": 87790000000.0,
          "Total Equity Gross Minority Interest": 79327000000.0,
          "Stockholders Equity": 79327000000.0,
          "Gains Losses Not Affecting Retained Earnings": 28000000.0,
          "Other Equity Adjustments": 28000000.0,
          "Treasury Stock": NaN,
          "Retained Earnings": 68038000000.0,
          "Additional Paid In Capital": 11237000000.0,
          "Capital Stock": 24000000.0,
          "Common Stock": 24000000.0,
          "Preferred Stock": 0.0,
          "Total Liabilities Net Minority Interest": 32274000000.0,
          "Total Non Current Liabilities Net Minority Interest": 14227000000.0,
          "Other Non Current Liabilities": 79000000.0,
          "Employee Benefits": NaN,
          "Tradeand Other Payables Non Current": 2304000000.0,
          "Non Current Deferred Liabilities": 1862000000.0,
          "Non Current Deferred Revenue": 976000000.0,
          "Non Current Deferred Taxes Liabilities": 886000000.0,
          "Long Term Debt And Capital Lease Obligation": 9982000000.0,
          "Long Term Capital Lease Obligation": 1519000000.0,
          "Long Term Debt": 8463000000.0,
          "Current Liabilities": 18047000000.0,
          "Other Current Liabilities": 228000000.0,
          "Current Deferred Liabilities": 837000000.0,
          "Current Deferred Revenue": 837000000.0,
          "Current Debt And Capital Lease Obligation": 288000000.0,
          "Current Capital Lease Obligation": 288000000.0,
          "Current Debt": NaN,
          "Other Current Borrowings": NaN,
          "Current Provisions": 1373000000.0,
          "Payables And Accrued Expenses": 15321000000.0,
          "Current Accrued Expenses": 8130000000.0,
          "Interest Payable": NaN,
          "Payables": 7191000000.0,
          "Total Tax Payable": 881000000.0,
          "Accounts Payable": 6310000000.0,
          "Total Assets": 111601000000.0,
          "Total Non Current Assets": 31475000000.0,
          "Other Non Current Assets": 201000000.0,
          "Non Current Prepaid Assets": 2087000000.0,
          "Non Current Deferred Assets": 10979000000.0,
          "Non Current Deferred Taxes Assets": 10979000000.0,
          "Non Current Accounts Receivable": 750000000.0,
          "Investments And Advances": 3387000000.0,
          "Other Investments": NaN,
          "Investmentin Financial Assets": 3387000000.0,
          "Available For Sale Securities": 3387000000.0,
          "Goodwill And Other Intangible Assets": 5995000000.0,
          "Other Intangible Assets": 807000000.0,
          "Goodwill": 5188000000.0,
          "Net PPE": 8076000000.0,
          "Accumulated Depreciation": -4401000000.0,
          "Gross PPE": 12477000000.0,
          "Leases": NaN,
          "Construction In Progress": 529000000.0,
          "Other Properties": 1793000000.0,
          "Machinery Furniture Equipment": 7568000000.0,
          "Buildings And Improvements": 2076000000.0,
          "Land And Improvements": 511000000.0,
          "Properties": 0.0,
          "Current Assets": 80126000000.0,
          "Other Current Assets": 3771000000.0,
          "Prepaid Assets": NaN,
          "Inventory": 10080000000.0,
          "Finished Goods": 3273000000.0,
          "Work In Process": 3399000000.0,
          "Raw Materials": 3408000000.0,
          "Receivables": 23065000000.0,
          "Accounts Receivable": 23065000000.0,
          "Allowance For Doubtful Accounts Receivable": NaN,
          "Gross Accounts Receivable": NaN,
          "Cash Cash Equivalents And Short Term Investments": 43210000000.0,
          "Other Short Term Investments": 34621000000.0,
          "Cash And Cash Equivalents": 8589000000.0
        },
        "2024-01-31": {
          "Treasury Shares Number": NaN,
          "Ordinary Shares Number": 24640000000.0,
          "Share Issued": 24640000000.0,
          "Net Debt": 2429000000.0,
          "Total Debt": 11056000000.0,
          "Tangible Book Value": 37436000000.0,
          "Invested Capital": 52687000000.0,
          "Working Capital": 33714000000.0,
          "Net Tangible Assets": 37436000000.0,
          "Capital Lease Obligations": 1347000000.0,
          "Common Stock Equity": 42978000000.0,
          "Total Capitalization": 51437000000.0,
          "Total Equity Gross Minority Interest": 42978000000.0,
          "Stockholders Equity": 42978000000.0,
          "Gains Losses Not Affecting Retained Earnings": 27000000.0,
          "Other Equity Adjustments": 27000000.0,
          "Treasury Stock": NaN,
          "Retained Earnings": 29817000000.0,
          "Additional Paid In Capital": 13109000000.0,
          "Capital Stock": 25000000.0,
          "Common Stock": 25000000.0,
          "Preferred Stock": 0.0,
          "Total Liabilities Net Minority Interest": 22750000000.0,
          "Total Non Current Liabilities Net Minority Interest": 12119000000.0,
          "Other Non Current Liabilities": 65000000.0,
          "Employee Benefits": NaN,
          "Tradeand Other Payables Non Current": 1441000000.0,
          "Non Current Deferred Liabilities": 1035000000.0,
          "Non Current Deferred Revenue": 573000000.0,
          "Non Current Deferred Taxes Liabilities": 462000000.0,
          "Long Term Debt And Capital Lease Obligation": 9578000000.0,
          "Long Term Capital Lease Obligation": 1119000000.0,
          "Long Term Debt": 8459000000.0,
          "Current Liabilities": 10631000000.0,
          "Other Current Liabilities": 199000000.0,
          "Current Deferred Liabilities": 764000000.0,
          "Current Deferred Revenue": 764000000.0,
          "Current Debt And Capital Lease Obligation": 1478000000.0,
          "Current Capital Lease Obligation": 228000000.0,
          "Current Debt": 1250000000.0,
          "Other Current Borrowings": 1250000000.0,
          "Current Provisions": 415000000.0,
          "Payables And Accrued Expenses": 7775000000.0,
          "Current Accrued Expenses": 4780000000.0,
          "Interest Payable": NaN,
          "Payables": 2995000000.0,
          "Total Tax Payable": 296000000.0,
          "Accounts Payable": 2699000000.0,
          "Total Assets": 65728000000.0,
          "Total Non Current Assets": 21383000000.0,
          "Other Non Current Assets": 357000000.0,
          "Non Current Prepaid Assets": 2822000000.0,
          "Non Current Deferred Assets": 6081000000.0,
          "Non Current Deferred Taxes Assets": 6081000000.0,
          "Non Current Accounts Receivable": NaN,
          "Investments And Advances": 1321000000.0,
          "Other Investments": 1546000000.0,
          "Investmentin Financial Assets": 1321000000.0,
          "Available For Sale Securities": 1321000000.0,
          "Goodwill And Other Intangible Assets": 5542000000.0,
          "Other Intangible Assets": 1112000000.0,
          "Goodwill": 4430000000.0,
          "Net PPE": 5260000000.0,
          "Accumulated Depreciation": -3509000000.0,
          "Gross PPE": 8769000000.0,
          "Leases": NaN,
          "Construction In Progress": 189000000.0,
          "Other Properties": 1346000000.0,
          "Machinery Furniture Equipment": 5200000000.0,
          "Buildings And Improvements": 1816000000.0,
          "Land And Improvements": 218000000.0,
          "Properties": 0.0,
          "Current Assets": 44345000000.0,
          "Other Current Assets": 3080000000.0,
          "Prepaid Assets": NaN,
          "Inventory": 5282000000.0,
          "Finished Goods": 2058000000.0,
          "Work In Process": 1505000000.0,
          "Raw Materials": 1719000000.0,
          "Receivables": 9999000000.0,
          "Accounts Receivable": 9999000000.0,
          "Allowance For Doubtful Accounts Receivable": NaN,
          "Gross Accounts Receivable": NaN,
          "Cash Cash Equivalents And Short Term Investments": 25984000000.0,
          "Other Short Term Investments": 18704000000.0,
          "Cash And Cash Equivalents": 7280000000.0
        },
        "2023-01-31": {
          "Treasury Shares Number": NaN,
          "Ordinary Shares Number": 24661365720.0,
          "Share Issued": 24661365720.0,
          "Net Debt": 7564000000.0,
          "Total Debt": 12031000000.0,
          "Tangible Book Value": 16053000000.0,
          "Invested Capital": 33054000000.0,
          "Working Capital": 16510000000.0,
          "Net Tangible Assets": 16053000000.0,
          "Capital Lease Obligations": 1078000000.0,
          "Common Stock Equity": 22101000000.0,
          "Total Capitalization": 31804000000.0,
          "Total Equity Gross Minority Interest": 22101000000.0,
          "Stockholders Equity": 22101000000.0,
          "Gains Losses Not Affecting Retained Earnings": -43000000.0,
          "Other Equity Adjustments": -43000000.0,
          "Treasury Stock": NaN,
          "Retained Earnings": 10171000000.0,
          "Additional Paid In Capital": 11971000000.0,
          "Capital Stock": 2000000.0,
          "Common Stock": 2000000.0,
          "Preferred Stock": 0.0,
          "Total Liabilities Net Minority Interest": 19081000000.0,
          "Total Non Current Liabilities Net Minority Interest": 12518000000.0,
          "Other Non Current Liabilities": 63000000.0,
          "Employee Benefits": NaN,
          "Tradeand Other Payables Non Current": 1385000000.0,
          "Non Current Deferred Liabilities": 465000000.0,
          "Non Current Deferred Revenue": 218000000.0,
          "Non Current Deferred Taxes Liabilities": 247000000.0,
          "Long Term Debt And Capital Lease Obligation": 10605000000.0,
          "Long Term Capital Lease Obligation": 902000000.0,
          "Long Term Debt": 9703000000.0,
          "Current Liabilities": 6563000000.0,
          "Other Current Liabilities": 69000000.0,
          "Current Deferred Liabilities": 354000000.0,
          "Current Deferred Revenue": 354000000.0,
          "Current Debt And Capital Lease Obligation": 1426000000.0,
          "Current Capital Lease Obligation": 176000000.0,
          "Current Debt": 1250000000.0,
          "Other Current Borrowings": 1250000000.0,
          "Current Provisions": 108000000.0,
          "Payables And Accrued Expenses": 4606000000.0,
          "Current Accrued Expenses": 2946000000.0,
          "Interest Payable": NaN,
          "Payables": 1660000000.0,
          "Total Tax Payable": 467000000.0,
          "Accounts Payable": 1193000000.0,
          "Total Assets": 41182000000.0,
          "Total Non Current Assets": 18109000000.0,
          "Other Non Current Assets": 145000000.0,
          "Non Current Prepaid Assets": 3376000000.0,
          "Non Current Deferred Assets": 3396000000.0,
          "Non Current Deferred Taxes Assets": 3396000000.0,
          "Non Current Accounts Receivable": NaN,
          "Investments And Advances": 299000000.0,
          "Other Investments": 299000000.0,
          "Investmentin Financial Assets": NaN,
          "Available For Sale Securities": NaN,
          "Goodwill And Other Intangible Assets": 6048000000.0,
          "Other Intangible Assets": 1676000000.0,
          "Goodwill": 4372000000.0,
          "Net PPE": 4845000000.0,
          "Accumulated Depreciation": -2694000000.0,
          "Gross PPE": 7539000000.0,
          "Leases": NaN,
          "Construction In Progress": 382000000.0,
          "Other Properties": 1038000000.0,
          "Machinery Furniture Equipment": 4303000000.0,
          "Buildings And Improvements": 1598000000.0,
          "Land And Improvements": 218000000.0,
          "Properties": 0.0,
          "Current Assets": 23073000000.0,
          "Other Current Assets": 791000000.0,
          "Prepaid Assets": NaN,
          "Inventory": 5159000000.0,
          "Finished Goods": 2263000000.0,
          "Work In Process": 466000000.0,
          "Raw Materials": 2430000000.0,
          "Receivables": 3827000000.0,
          "Accounts Receivable": 3827000000.0,
          "Allowance For Doubtful Accounts Receivable": NaN,
          "Gross Accounts Receivable": NaN,
          "Cash Cash Equivalents And Short Term Investments": 13296000000.0,
          "Other Short Term Investments": 9907000000.0,
          "Cash And Cash Equivalents": 3389000000.0
        },
        "2022-01-31": {
          "Treasury Shares Number": NaN,
          "Ordinary Shares Number": 25060000000.0,
          "Share Issued": 25060000000.0,
          "Net Debt": 8956000000.0,
          "Total Debt": 11831000000.0,
          "Tangible Book Value": 19924000000.0,
          "Invested Capital": 37558000000.0,
          "Working Capital": 24494000000.0,
          "Net Tangible Assets": 19924000000.0,
          "Capital Lease Obligations": 885000000.0,
          "Common Stock Equity": 26612000000.0,
          "Total Capitalization": 37558000000.0,
          "Total Equity Gross Minority Interest": 26612000000.0,
          "Stockholders Equity": 26612000000.0,
          "Gains Losses Not Affecting Retained Earnings": -11000000.0,
          "Other Equity Adjustments": -11000000.0,
          "Treasury Stock": 0.0,
          "Retained Earnings": 16235000000.0,
          "Additional Paid In Capital": 10385000000.0,
          "Capital Stock": 3000000.0,
          "Common Stock": 3000000.0,
          "Preferred Stock": 0.0,
          "Total Liabilities Net Minority Interest": 17575000000.0,
          "Total Non Current Liabilities Net Minority Interest": 13240000000.0,
          "Other Non Current Liabilities": 49000000.0,
          "Employee Benefits": NaN,
          "Tradeand Other Payables Non Current": 1057000000.0,
          "Non Current Deferred Liabilities": 447000000.0,
          "Non Current Deferred Revenue": 202000000.0,
          "Non Current Deferred Taxes Liabilities": 245000000.0,
          "Long Term Debt And Capital Lease Obligation": 11687000000.0,
          "Long Term Capital Lease Obligation": 741000000.0,
          "Long Term Debt": 10946000000.0,
          "Current Liabilities": 4335000000.0,
          "Other Current Liabilities": 371000000.0,
          "Current Deferred Liabilities": 300000000.0,
          "Current Deferred Revenue": 300000000.0,
          "Current Debt And Capital Lease Obligation": 144000000.0,
          "Current Capital Lease Obligation": 144000000.0,
          "Current Debt": NaN,
          "Other Current Borrowings": NaN,
          "Current Provisions": NaN,
          "Payables And Accrued Expenses": 3520000000.0,
          "Current Accrued Expenses": 1605000000.0,
          "Interest Payable": NaN,
          "Payables": 1915000000.0,
          "Total Tax Payable": 132000000.0,
          "Accounts Payable": 1783000000.0,
          "Total Assets": 44187000000.0,
          "Total Non Current Assets": 15358000000.0,
          "Other Non Current Assets": 66000000.0,
          "Non Current Prepaid Assets": 3509000000.0,
          "Non Current Deferred Assets": 1222000000.0,
          "Non Current Deferred Taxes Assets": 1222000000.0,
          "Non Current Accounts Receivable": NaN,
          "Investments And Advances": 266000000.0,
          "Other Investments": 266000000.0,
          "Investmentin Financial Assets": NaN,
          "Available For Sale Securities": NaN,
          "Goodwill And Other Intangible Assets": 6688000000.0,
          "Other Intangible Assets": 2339000000.0,
          "Goodwill": 4349000000.0,
          "Net PPE": 3607000000.0,
          "Accumulated Depreciation": -1903000000.0,
          "Gross PPE": 5510000000.0,
          "Leases": NaN,
          "Construction In Progress": 737000000.0,
          "Other Properties": 829000000.0,
          "Machinery Furniture Equipment": 2852000000.0,
          "Buildings And Improvements": 874000000.0,
          "Land And Improvements": 218000000.0,
          "Properties": 0.0,
          "Current Assets": 28829000000.0,
          "Other Current Assets": 366000000.0,
          "Prepaid Assets": 366000000.0,
          "Inventory": 2605000000.0,
          "Finished Goods": 1122000000.0,
          "Work In Process": 692000000.0,
          "Raw Materials": 791000000.0,
          "Receivables": 4650000000.0,
          "Accounts Receivable": 4650000000.0,
          "Allowance For Doubtful Accounts Receivable": NaN,
          "Gross Accounts Receivable": NaN,
          "Cash Cash Equivalents And Short Term Investments": 21208000000.0,
          "Other Short Term Investments": 19218000000.0,
          "Cash And Cash Equivalents": 1990000000.0
        },
        "2021-01-31": {
          "Treasury Shares Number": 13800000000.0,
          "Ordinary Shares Number": NaN,
          "Share Issued": NaN,
          "Net Debt": 6116000000.0,
          "Total Debt": NaN,
          "Tangible Book Value": NaN,
          "Invested Capital": NaN,
          "Working Capital": NaN,
          "Net Tangible Assets": NaN,
          "Capital Lease Obligations": NaN,
          "Common Stock Equity": NaN,
          "Total Capitalization": NaN,
          "Total Equity Gross Minority Interest": NaN,
          "Stockholders Equity": NaN,
          "Gains Losses Not Affecting Retained Earnings": NaN,
          "Other Equity Adjustments": NaN,
          "Treasury Stock": 10756000000.0,
          "Retained Earnings": NaN,
          "Additional Paid In Capital": NaN,
          "Capital Stock": NaN,
          "Common Stock": NaN,
          "Preferred Stock": NaN,
          "Total Liabilities Net Minority Interest": NaN,
          "Total Non Current Liabilities Net Minority Interest": NaN,
          "Other Non Current Liabilities": NaN,
          "Employee Benefits": 33000000.0,
          "Tradeand Other Payables Non Current": NaN,
          "Non Current Deferred Liabilities": NaN,
          "Non Current Deferred Revenue": NaN,
          "Non Current Deferred Taxes Liabilities": NaN,
          "Long Term Debt And Capital Lease Obligation": NaN,
          "Long Term Capital Lease Obligation": NaN,
          "Long Term Debt": NaN,
          "Current Liabilities": NaN,
          "Other Current Liabilities": NaN,
          "Current Deferred Liabilities": NaN,
          "Current Deferred Revenue": NaN,
          "Current Debt And Capital Lease Obligation": NaN,
          "Current Capital Lease Obligation": NaN,
          "Current Debt": 999000000.0,
          "Other Current Borrowings": 999000000.0,
          "Current Provisions": NaN,
          "Payables And Accrued Expenses": NaN,
          "Current Accrued Expenses": NaN,
          "Interest Payable": 74000000.0,
          "Payables": NaN,
          "Total Tax Payable": NaN,
          "Accounts Payable": NaN,
          "Total Assets": NaN,
          "Total Non Current Assets": NaN,
          "Other Non Current Assets": NaN,
          "Non Current Prepaid Assets": NaN,
          "Non Current Deferred Assets": NaN,
          "Non Current Deferred Taxes Assets": NaN,
          "Non Current Accounts Receivable": NaN,
          "Investments And Advances": NaN,
          "Other Investments": 144000000.0,
          "Investmentin Financial Assets": NaN,
          "Available For Sale Securities": NaN,
          "Goodwill And Other Intangible Assets": NaN,
          "Other Intangible Assets": NaN,
          "Goodwill": NaN,
          "Net PPE": NaN,
          "Accumulated Depreciation": NaN,
          "Gross PPE": NaN,
          "Leases": 385000000.0,
          "Construction In Progress": NaN,
          "Other Properties": NaN,
          "Machinery Furniture Equipment": NaN,
          "Buildings And Improvements": NaN,
          "Land And Improvements": NaN,
          "Properties": NaN,
          "Current Assets": NaN,
          "Other Current Assets": NaN,
          "Prepaid Assets": 239000000.0,
          "Inventory": NaN,
          "Finished Goods": NaN,
          "Work In Process": NaN,
          "Raw Materials": NaN,
          "Receivables": NaN,
          "Accounts Receivable": NaN,
          "Allowance For Doubtful Accounts Receivable": -21000000.0,
          "Gross Accounts Receivable": 2450000000.0,
          "Cash Cash Equivalents And Short Term Investments": NaN,
          "Other Short Term Investments": NaN,
          "Cash And Cash Equivalents": NaN
        }
      },
      "cashflow": {
        "2025-01-31": {
          "Free Cash Flow": 60853000000.0,
          "Repurchase Of Capital Stock": -33706000000.0,
          "Repayment Of Debt": -1250000000.0,
          "Issuance Of Debt": NaN,
          "Capital Expenditure": -3236000000.0,
          "Interest Paid Supplemental Data": 246000000.0,
          "Income Tax Paid Supplemental Data": 15118000000.0,
          "End Cash Position": 8589000000.0,
          "Beginning Cash Position": 7280000000.0,
          "Changes In Cash": 1309000000.0,
          "Financing Cash Flow": -42359000000.0,
          "Cash Flow From Continuing Financing Activities": -42359000000.0,
          "Net Other Financing Charges": -7059000000.0,
          "Proceeds From Stock Option Exercised": 490000000.0,
          "Cash Dividends Paid": -834000000.0,
          "Common Stock Dividend Paid": -834000000.0,
          "Net Common Stock Issuance": -33706000000.0,
          "Common Stock Payments": -33706000000.0,
          "Net Issuance Payments Of Debt": -1250000000.0,
          "Net Long Term Debt Issuance": -1250000000.0,
          "Long Term Debt Payments": -1250000000.0,
          "Long Term Debt Issuance": NaN,
          "Investing Cash Flow": -20421000000.0,
          "Cash Flow From Continuing Investing Activities": -20421000000.0,
          "Net Other Investing Changes": 22000000.0,
          "Net Investment Purchase And Sale": -16200000000.0,
          "Sale Of Investment": 11861000000.0,
          "Purchase Of Investment": -28061000000.0,
          "Net Business Purchase And Sale": -1007000000.0,
          "Purchase Of Business": -1007000000.0,
          "Net PPE Purchase And Sale": -3236000000.0,
          "Purchase Of PPE": -3236000000.0,
          "Capital Expenditure Reported": NaN,
          "Operating Cash Flow": 64089000000.0,
          "Cash Flow From Continuing Operating Activities": 64089000000.0,
          "Change In Working Capital": -9383000000.0,
          "Change In Other Working Capital": NaN,
          "Change In Other Current Liabilities": 1221000000.0,
          "Change In Payables And Accrued Expense": 7635000000.0,
          "Change In Accrued Expense": 4278000000.0,
          "Change In Payable": 3357000000.0,
          "Change In Account Payable": 3357000000.0,
          "Change In Prepaid Assets": -395000000.0,
          "Change In Inventory": -4781000000.0,
          "Change In Receivables": -13063000000.0,
          "Changes In Account Receivables": -13063000000.0,
          "Other Non Cash Items": -502000000.0,
          "Stock Based Compensation": 4737000000.0,
          "Deferred Tax": -4477000000.0,
          "Deferred Income Tax": -4477000000.0,
          "Depreciation Amortization Depletion": 1864000000.0,
          "Depreciation And Amortization": 1864000000.0,
          "Amortization Cash Flow": NaN,
          "Amortization Of Intangibles": NaN,
          "Depreciation": NaN,
          "Operating Gains Losses": -1030000000.0,
          "Gain Loss On Investment Securities": -1030000000.0,
          "Net Income From Continuing Operations": 72880000000.0
        },
        "2024-01-31": {
          "Free Cash Flow": 27021000000.0,
          "Repurchase Of Capital Stock": -9533000000.0,
          "Repayment Of Debt": -1250000000.0,
          "Issuance Of Debt": 0.0,
          "Capital Expenditure": -1069000000.0,
          "Interest Paid Supplemental Data": 252000000.0,
          "Income Tax Paid Supplemental Data": 6549000000.0,
          "End Cash Position": 7280000000.0,
          "Beginning Cash Position": 3389000000.0,
          "Changes In Cash": 3891000000.0,
          "Financing Cash Flow": -13633000000.0,
          "Cash Flow From Continuing Financing Activities": -13633000000.0,
          "Net Other Financing Charges": -2858000000.0,
          "Proceeds From Stock Option Exercised": 403000000.0,
          "Cash Dividends Paid": -395000000.0,
          "Common Stock Dividend Paid": -395000000.0,
          "Net Common Stock Issuance": -9533000000.0,
          "Common Stock Payments": -9533000000.0,
          "Net Issuance Payments Of Debt": -1250000000.0,
          "Net Long Term Debt Issuance": -1250000000.0,
          "Long Term Debt Payments": -1250000000.0,
          "Long Term Debt Issuance": 0.0,
          "Investing Cash Flow": -10566000000.0,
          "Cash Flow From Continuing Investing Activities": -10566000000.0,
          "Net Other Investing Changes": -124000000.0,
          "Net Investment Purchase And Sale": -9290000000.0,
          "Sale Of Investment": 9783000000.0,
          "Purchase Of Investment": -19073000000.0,
          "Net Business Purchase And Sale": -83000000.0,
          "Purchase Of Business": -83000000.0,
          "Net PPE Purchase And Sale": -1069000000.0,
          "Purchase Of PPE": -1069000000.0,
          "Capital Expenditure Reported": NaN,
          "Operating Cash Flow": 28090000000.0,
          "Cash Flow From Continuing Operating Activities": 28090000000.0,
          "Change In Working Capital": -3722000000.0,
          "Change In Other Working Capital": NaN,
          "Change In Other Current Liabilities": 514000000.0,
          "Change In Payables And Accrued Expense": 3556000000.0,
          "Change In Accrued Expense": 2025000000.0,
          "Change In Payable": 1531000000.0,
          "Change In Account Payable": 1531000000.0,
          "Change In Prepaid Assets": -1522000000.0,
          "Change In Inventory": -98000000.0,
          "Change In Receivables": -6172000000.0,
          "Changes In Account Receivables": -6172000000.0,
          "Other Non Cash Items": -278000000.0,
          "Stock Based Compensation": 3549000000.0,
          "Deferred Tax": -2489000000.0,
          "Deferred Income Tax": -2489000000.0,
          "Depreciation Amortization Depletion": 1508000000.0,
          "Depreciation And Amortization": 1508000000.0,
          "Amortization Cash Flow": 614000000.0,
          "Amortization Of Intangibles": 614000000.0,
          "Depreciation": 894000000.0,
          "Operating Gains Losses": -238000000.0,
          "Gain Loss On Investment Securities": -238000000.0,
          "Net Income From Continuing Operations": 29760000000.0
        },
        "2023-01-31": {
          "Free Cash Flow": 3808000000.0,
          "Repurchase Of Capital Stock": -10039000000.0,
          "Repayment Of Debt": 0.0,
          "Issuance Of Debt": 0.0,
          "Capital Expenditure": -1833000000.0,
          "Interest Paid Supplemental Data": 254000000.0,
          "Income Tax Paid Supplemental Data": 1404000000.0,
          "End Cash Position": 3389000000.0,
          "Beginning Cash Position": 1990000000.0,
          "Changes In Cash": 1399000000.0,
          "Financing Cash Flow": -11617000000.0,
          "Cash Flow From Continuing Financing Activities": -11617000000.0,
          "Net Other Financing Charges": -1535000000.0,
          "Proceeds From Stock Option Exercised": 355000000.0,
          "Cash Dividends Paid": -398000000.0,
          "Common Stock Dividend Paid": -398000000.0,
          "Net Common Stock Issuance": -10039000000.0,
          "Common Stock Payments": -10039000000.0,
          "Net Issuance Payments Of Debt": 0.0,
          "Net Long Term Debt Issuance": 0.0,
          "Long Term Debt Payments": 0.0,
          "Long Term Debt Issuance": 0.0,
          "Investing Cash Flow": 7375000000.0,
          "Cash Flow From Continuing Investing Activities": 7375000000.0,
          "Net Other Investing Changes": NaN,
          "Net Investment Purchase And Sale": 9257000000.0,
          "Sale Of Investment": 21239000000.0,
          "Purchase Of Investment": -11982000000.0,
          "Net Business Purchase And Sale": -49000000.0,
          "Purchase Of Business": -49000000.0,
          "Net PPE Purchase And Sale": -1833000000.0,
          "Purchase Of PPE": -1833000000.0,
          "Capital Expenditure Reported": NaN,
          "Operating Cash Flow": 5641000000.0,
          "Cash Flow From Continuing Operating Activities": 5640000000.0,
          "Change In Working Capital": -2207000000.0,
          "Change In Other Working Capital": NaN,
          "Change In Other Current Liabilities": 252000000.0,
          "Change In Payables And Accrued Expense": 790000000.0,
          "Change In Accrued Expense": 1341000000.0,
          "Change In Payable": -551000000.0,
          "Change In Account Payable": -551000000.0,
          "Change In Prepaid Assets": -1517000000.0,
          "Change In Inventory": -2554000000.0,
          "Change In Receivables": 822000000.0,
          "Changes In Account Receivables": 822000000.0,
          "Other Non Cash Items": 1347000000.0,
          "Stock Based Compensation": 2709000000.0,
          "Deferred Tax": -2164000000.0,
          "Deferred Income Tax": -2164000000.0,
          "Depreciation Amortization Depletion": 1543000000.0,
          "Depreciation And Amortization": 1543000000.0,
          "Amortization Cash Flow": 699000000.0,
          "Amortization Of Intangibles": 699000000.0,
          "Depreciation": 844000000.0,
          "Operating Gains Losses": 45000000.0,
          "Gain Loss On Investment Securities": 45000000.0,
          "Net Income From Continuing Operations": 4368000000.0
        },
        "2022-01-31": {
          "Free Cash Flow": 8132000000.0,
          "Repurchase Of Capital Stock": 0.0,
          "Repayment Of Debt": -1000000000.0,
          "Issuance Of Debt": 4977000000.0,
          "Capital Expenditure": -976000000.0,
          "Interest Paid Supplemental Data": 246000000.0,
          "Income Tax Paid Supplemental Data": 396000000.0,
          "End Cash Position": 1990000000.0,
          "Beginning Cash Position": 847000000.0,
          "Changes In Cash": 1143000000.0,
          "Financing Cash Flow": 1865000000.0,
          "Cash Flow From Continuing Financing Activities": 1865000000.0,
          "Net Other Financing Charges": -1994000000.0,
          "Proceeds From Stock Option Exercised": 281000000.0,
          "Cash Dividends Paid": -399000000.0,
          "Common Stock Dividend Paid": -399000000.0,
          "Net Common Stock Issuance": 0.0,
          "Common Stock Payments": 0.0,
          "Net Issuance Payments Of Debt": 3977000000.0,
          "Net Long Term Debt Issuance": 3977000000.0,
          "Long Term Debt Payments": -1000000000.0,
          "Long Term Debt Issuance": 4977000000.0,
          "Investing Cash Flow": -9830000000.0,
          "Cash Flow From Continuing Investing Activities": -9830000000.0,
          "Net Other Investing Changes": NaN,
          "Net Investment Purchase And Sale": -8591000000.0,
          "Sale Of Investment": 16220000000.0,
          "Purchase Of Investment": -24811000000.0,
          "Net Business Purchase And Sale": -263000000.0,
          "Purchase Of Business": -263000000.0,
          "Net PPE Purchase And Sale": -976000000.0,
          "Purchase Of PPE": -976000000.0,
          "Capital Expenditure Reported": NaN,
          "Operating Cash Flow": 9108000000.0,
          "Cash Flow From Continuing Operating Activities": 9108000000.0,
          "Change In Working Capital": -3363000000.0,
          "Change In Other Working Capital": NaN,
          "Change In Other Current Liabilities": 192000000.0,
          "Change In Payables And Accrued Expense": 1149000000.0,
          "Change In Accrued Expense": 581000000.0,
          "Change In Payable": 568000000.0,
          "Change In Account Payable": 568000000.0,
          "Change In Prepaid Assets": -1715000000.0,
          "Change In Inventory": -774000000.0,
          "Change In Receivables": -2215000000.0,
          "Changes In Account Receivables": -2215000000.0,
          "Other Non Cash Items": 47000000.0,
          "Stock Based Compensation": 2004000000.0,
          "Deferred Tax": -406000000.0,
          "Deferred Income Tax": -406000000.0,
          "Depreciation Amortization Depletion": 1174000000.0,
          "Depreciation And Amortization": 1174000000.0,
          "Amortization Cash Flow": 563000000.0,
          "Amortization Of Intangibles": 563000000.0,
          "Depreciation": 611000000.0,
          "Operating Gains Losses": -100000000.0,
          "Gain Loss On Investment Securities": -100000000.0,
          "Net Income From Continuing Operations": 9752000000.0
        },
        "2021-01-31": {
          "Free Cash Flow": NaN,
          "Repurchase Of Capital Stock": NaN,
          "Repayment Of Debt": NaN,
          "Issuance Of Debt": 4968000000.0,
          "Capital Expenditure": NaN,
          "Interest Paid Supplemental Data": NaN,
          "Income Tax Paid Supplemental Data": NaN,
          "End Cash Position": NaN,
          "Beginning Cash Position": NaN,
          "Changes In Cash": NaN,
          "Financing Cash Flow": NaN,
          "Cash Flow From Continuing Financing Activities": NaN,
          "Net Other Financing Charges": NaN,
          "Proceeds From Stock Option Exercised": NaN,
          "Cash Dividends Paid": NaN,
          "Common Stock Dividend Paid": NaN,
          "Net Common Stock Issuance": NaN,
          "Common Stock Payments": NaN,
          "Net Issuance Payments Of Debt": NaN,
          "Net Long Term Debt Issuance": NaN,
          "Long Term Debt Payments": NaN,
          "Long Term Debt Issuance": 4968000000.0,
          "Investing Cash Flow": NaN,
          "Cash Flow From Continuing Investing Activities": NaN,
          "Net Other Investing Changes": NaN,
          "Net Investment Purchase And Sale": NaN,
          "Sale Of Investment": NaN,
          "Purchase Of Investment": NaN,
          "Net Business Purchase And Sale": NaN,
          "Purchase Of Business": NaN,
          "Net PPE Purchase And Sale": NaN,
          "Purchase Of PPE": NaN,
          "Capital Expenditure Reported": -1128000000.0,
          "Operating Cash Flow": NaN,
          "Cash Flow From Continuing Operating Activities": NaN,
          "Change In Working Capital": NaN,
          "Change In Other Working Capital": 163000000.0,
          "Change In Other Current Liabilities": NaN,
          "Change In Payables And Accrued Expense": NaN,
          "Change In Accrued Expense": NaN,
          "Change In Payable": NaN,
          "Change In Account Payable": NaN,
          "Change In Prepaid Assets": NaN,
          "Change In Inventory": NaN,
          "Change In Receivables": NaN,
          "Changes In Account Receivables": NaN,
          "Other Non Cash Items": NaN,
          "Stock Based Compensation": NaN,
          "Deferred Tax": NaN,
          "Deferred Income Tax": NaN,
          "Depreciation Amortization Depletion": NaN,
          "Depreciation And Amortization": NaN,
          "Amortization Cash Flow": 612000000.0,
          "Amortization Of Intangibles": 612000000.0,
          "Depreciation": 486000000.0,
          "Operating Gains Losses": NaN,
          "Gain Loss On Investment Securities": NaN,
          "Net Income From Continuing Operations": NaN
        }
      },
      "incomestatement": {
        "2025-01-31": {
          "Tax Effect Of Unusual Items": 0.0,
          "Tax Rate For Calcs": 0.133,
          "Normalized EBITDA": 86137000000.0,
          "Total Unusual Items": 0.0,
          "Total Unusual Items Excluding Goodwill": 0.0,
          "Net Income From Continuing Operation Net Minority Interest": 72880000000.0,
          "Reconciled Depreciation": 1864000000.0,
          "Reconciled Cost Of Revenue": 32639000000.0,
          "EBITDA": 86137000000.0,
          "EBIT": 84273000000.0,
          "Interest Income": 1786000000.0,
          "Normalized Income": 72880000000.0,
          "Net Income From Continuing And Discontinued Operation": 72880000000.0,
          "Total Expenses": 49044000000.0,
          "Total Operating Income As Reported": 81453000000.0,
          "Diluted Average Shares": 24804000000.0,
          "Basic Average Shares": 24555000000.0,
          "Diluted EPS": 2.94,
          "Basic EPS": 2.97,
          "Diluted NI Availto Com Stockholders": 72880000000.0,
          "Net Income Common Stockholders": 72880000000.0,
          "Net Income": 72880000000.0,
          "Net Income Including Noncontrolling Interests": 72880000000.0,
          "Net Income Continuous Operations": 72880000000.0,
          "Tax Provision": 11146000000.0,
          "Pretax Income": 84026000000.0,
          "Other Income Expense": 1034000000.0,
          "Other Non Operating Income Expenses": 1034000000.0,
          "Special Income Charges": 0.0,
          "Restructuring And Mergern Acquisition": 0.0,
          "Net Non Operating Interest Income Expense": 1539000000.0,
          "Interest Expense Non Operating": 247000000.0,
          "Interest Income Non Operating": 1786000000.0,
          "Operating Income": 81453000000.0,
          "Operating Expense": 16405000000.0,
          "Research And Development": 12914000000.0,
          "Selling General And Administration": 3491000000.0,
          "Gross Profit": 97858000000.0,
          "Cost Of Revenue": 32639000000.0,
          "Operating Revenue": 130497000000.0
        },
        "2024-01-31": {
          "Tax Effect Of Unusual Items": 0.0,
          "Tax Rate For Calcs": 0.12,
          "Normalized EBITDA": 35583000000.0,
          "Total Unusual Items": 0.0,
          "Total Unusual Items Excluding Goodwill": 0.0,
          "Net Income From Continuing Operation Net Minority Interest": 29760000000.0,
          "Reconciled Depreciation": 1508000000.0,
          "Reconciled Cost Of Revenue": 16621000000.0,
          "EBITDA": 35583000000.0,
          "EBIT": 34075000000.0,
          "Interest Income": 866000000.0,
          "Normalized Income": 29760000000.0,
          "Net Income From Continuing And Discontinued Operation": 29760000000.0,
          "Total Expenses": 27950000000.0,
          "Total Operating Income As Reported": 32972000000.0,
          "Diluted Average Shares": 24940000000.0,
          "Basic Average Shares": 24690000000.0,
          "Diluted EPS": 1.19,
          "Basic EPS": 1.21,
          "Diluted NI Availto Com Stockholders": 29760000000.0,
          "Net Income Common Stockholders": 29760000000.0,
          "Net Income": 29760000000.0,
          "Net Income Including Noncontrolling Interests": 29760000000.0,
          "Net Income Continuous Operations": 29760000000.0,
          "Tax Provision": 4058000000.0,
          "Pretax Income": 33818000000.0,
          "Other Income Expense": 237000000.0,
          "Other Non Operating Income Expenses": 237000000.0,
          "Special Income Charges": 0.0,
          "Restructuring And Mergern Acquisition": 0.0,
          "Net Non Operating Interest Income Expense": 609000000.0,
          "Interest Expense Non Operating": 257000000.0,
          "Interest Income Non Operating": 866000000.0,
          "Operating Income": 32972000000.0,
          "Operating Expense": 11329000000.0,
          "Research And Development": 8675000000.0,
          "Selling General And Administration": 2654000000.0,
          "Gross Profit": 44301000000.0,
          "Cost Of Revenue": 16621000000.0,
          "Operating Revenue": 60922000000.0
        },
        "2023-01-31": {
          "Tax Effect Of Unusual Items": -284130000.0,
          "Tax Rate For Calcs": 0.21,
          "Normalized EBITDA": 7339000000.0,
          "Total Unusual Items": -1353000000.0,
          "Total Unusual Items Excluding Goodwill": -1353000000.0,
          "Net Income From Continuing Operation Net Minority Interest": 4368000000.0,
          "Reconciled Depreciation": 1543000000.0,
          "Reconciled Cost Of Revenue": 11618000000.0,
          "EBITDA": 5986000000.0,
          "EBIT": 4443000000.0,
          "Interest Income": 267000000.0,
          "Normalized Income": 5436870000.0,
          "Net Income From Continuing And Discontinued Operation": 4368000000.0,
          "Total Expenses": 21397000000.0,
          "Total Operating Income As Reported": 4224000000.0,
          "Diluted Average Shares": 25070000000.0,
          "Basic Average Shares": 24870000000.0,
          "Diluted EPS": 0.174,
          "Basic EPS": 0.176,
          "Diluted NI Availto Com Stockholders": 4368000000.0,
          "Net Income Common Stockholders": 4368000000.0,
          "Net Income": 4368000000.0,
          "Net Income Including Noncontrolling Interests": 4368000000.0,
          "Net Income Continuous Operations": 4368000000.0,
          "Tax Provision": -187000000.0,
          "Pretax Income": 4181000000.0,
          "Other Income Expense": -1401000000.0,
          "Other Non Operating Income Expenses": -48000000.0,
          "Special Income Charges": -1353000000.0,
          "Restructuring And Mergern Acquisition": 1353000000.0,
          "Net Non Operating Interest Income Expense": 5000000.0,
          "Interest Expense Non Operating": 262000000.0,
          "Interest Income Non Operating": 267000000.0,
          "Operating Income": 5577000000.0,
          "Operating Expense": 9779000000.0,
          "Research And Development": 7339000000.0,
          "Selling General And Administration": 2440000000.0,
          "Gross Profit": 15356000000.0,
          "Cost Of Revenue": 11618000000.0,
          "Operating Revenue": 26974000000.0
        },
        "2022-01-31": {
          "Tax Effect Of Unusual Items": 0.0,
          "Tax Rate For Calcs": 0.019,
          "Normalized EBITDA": 11351000000.0,
          "Total Unusual Items": 0.0,
          "Total Unusual Items Excluding Goodwill": 0.0,
          "Net Income From Continuing Operation Net Minority Interest": 9752000000.0,
          "Reconciled Depreciation": 1174000000.0,
          "Reconciled Cost Of Revenue": 9439000000.0,
          "EBITDA": 11351000000.0,
          "EBIT": 10177000000.0,
          "Interest Income": 29000000.0,
          "Normalized Income": 9752000000.0,
          "Net Income From Continuing And Discontinued Operation": 9752000000.0,
          "Total Expenses": 16873000000.0,
          "Total Operating Income As Reported": 10041000000.0,
          "Diluted Average Shares": 25350000000.0,
          "Basic Average Shares": 24960000000.0,
          "Diluted EPS": 0.385,
          "Basic EPS": 0.391,
          "Diluted NI Availto Com Stockholders": 9752000000.0,
          "Net Income Common Stockholders": 9752000000.0,
          "Net Income": 9752000000.0,
          "Net Income Including Noncontrolling Interests": 9752000000.0,
          "Net Income Continuous Operations": 9752000000.0,
          "Tax Provision": 189000000.0,
          "Pretax Income": 9941000000.0,
          "Other Income Expense": 107000000.0,
          "Other Non Operating Income Expenses": 107000000.0,
          "Special Income Charges": 0.0,
          "Restructuring And Mergern Acquisition": 0.0,
          "Net Non Operating Interest Income Expense": -207000000.0,
          "Interest Expense Non Operating": 236000000.0,
          "Interest Income Non Operating": 29000000.0,
          "Operating Income": 10041000000.0,
          "Operating Expense": 7434000000.0,
          "Research And Development": 5268000000.0,
          "Selling General And Administration": 2166000000.0,
          "Gross Profit": 17475000000.0,
          "Cost Of Revenue": 9439000000.0,
          "Operating Revenue": 26914000000.0
        }
      }
    },
    "finnhub": {
      "overview": {
        "name": "NVIDIA Corp",
        "currency": "USD",
        "marketCap": 4327100900728.1025
      },
      "balancesheet": {
        "2013-01-27 00:00:00": {
          "totalAssets": 6412245000.0,
          "totalLiabilities": null,
          "shareholderEquity": 4827703000.0
        },
        "2012-01-29 00:00:00": {
          "totalAssets": 5552928000.0,
          "totalLiabilities": null,
          "shareholderEquity": 4145724000.0
        },
        "2011-01-30 00:00:00": {
          "totalAssets": 4495246000.0,
          "totalLiabilities": null,
          "shareholderEquity": 3181462000.0
        },
        "2010-01-31 00:00:00": {
          "totalAssets": 3585918000.0,
          "totalLiabilities": null,
          "shareholderEquity": 2665140000.0
        }
      },
      "cashflow": {
        "2013-01-27 00:00:00": {
          "operatingCashFlow": 824172000.0,
          "capitalExpenditures": null
        },
        "2012-01-29 00:00:00": {
          "operatingCashFlow": 909156000.0,
          "capitalExpenditures": 138735000.0
        },
        "2011-01-30 00:00:00": {
          "operatingCashFlow": 675797000.0,
          "capitalExpenditures": null
        },
        "2010-01-31 00:00:00": {
          "operatingCashFlow": 487807000.0,
          "capitalExpenditures": null
        }
      },
      "incomestatement": {
        "2013-01-27 00:00:00": {
          "totalRevenue": 4280159000.0,
          "netIncome": 562536000.0,
          "interestExpense": 3294000.0,
          "netInterestIncome": null
        },
        "2012-01-29 00:00:00": {
          "totalRevenue": 3997930000.0,
          "netIncome": 581090000.0,
          "interestExpense": 3089000.0,
          "netInterestIncome": null
        },
        "2011-01-30 00:00:00": {
          "totalRevenue": 3543309000.0,
          "netIncome": 253146000.0,
          "interestExpense": null,
          "netInterestIncome": null
        },
        "2010-01-31 00:00:00": {
          "totalRevenue": 3326445000.0,
          "netIncome": -67987000.0,
          "interestExpense": 3320000.0,
          "netInterestIncome": null
        }
      }
    },
    "alphavantage": {
      "overview": {
        "name": "NVIDIA Corporation",
        "currency": "USD",
        "marketCap": 4335470641000.0,
        "peRatio": 44.08
      },
      "balancesheet": {
        "2025-01-31": {
          "totalAssets": 111601000000.0,
          "totalLiabilities": 32274000000.0,
          "shareholderEquity": 79327000000.0
        },
        "2024-01-31": {
          "totalAssets": 65728000000.0,
          "totalLiabilities": 22750000000.0,
          "shareholderEquity": 42978000000.0
        },
        "2023-01-31": {
          "totalAssets": 41182000000.0,
          "totalLiabilities": 19081000000.0,
          "shareholderEquity": 22101000000.0
        },
        "2022-01-31": {
          "totalAssets": 44187000000.0,
          "totalLiabilities": 17575000000.0,
          "shareholderEquity": 26612000000.0
        },
        "2021-01-31": {
          "totalAssets": 28791000000.0,
          "totalLiabilities": 11898000000.0,
          "shareholderEquity": 16893000000.0
        },
        "2020-01-31": {
          "totalAssets": 17315000000.0,
          "totalLiabilities": 5111000000.0,
          "shareholderEquity": 12204000000.0
        },
        "2019-01-31": {
          "totalAssets": 13292000000.0,
          "totalLiabilities": 3950000000.0,
          "shareholderEquity": 9342000000.0
        },
        "2018-01-31": {
          "totalAssets": 11241000000.0,
          "totalLiabilities": 3770000000.0,
          "shareholderEquity": 7471000000.0
        },
        "2017-01-31": {
          "totalAssets": 9841000000.0,
          "totalLiabilities": 4079000000.0,
          "shareholderEquity": 5762000000.0
        },
        "2016-01-31": {
          "totalAssets": 7370000000.0,
          "totalLiabilities": 2901000000.0,
          "shareholderEquity": 4469000000.0
        },
        "2015-01-31": {
          "totalAssets": 7201368000.0,
          "totalLiabilities": 2783386000.0,
          "shareholderEquity": 4417982000.0
        },
        "2014-01-31": {
          "totalAssets": 7250894000.0,
          "totalLiabilities": 2794496000.0,
          "shareholderEquity": 4456398000.0
        },
        "2013-01-31": {
          "totalAssets": 6412245000.0,
          "totalLiabilities": 1584542000.0,
          "shareholderEquity": 4827703000.0
        },
        "2012-01-31": {
          "totalAssets": 5552928000.0,
          "totalLiabilities": 1407204000.0,
          "shareholderEquity": 4145724000.0
        },
        "2011-01-31": {
          "totalAssets": 4495246000.0,
          "totalLiabilities": 1313784000.0,
          "shareholderEquity": 3181462000.0
        },
        "2010-01-31": {
          "totalAssets": 3585918000.0,
          "totalLiabilities": 920778000.0,
          "shareholderEquity": 2665140000.0
        },
        "2009-01-31": {
          "totalAssets": 3350727000.0,
          "totalLiabilities": 956075000.0,
          "shareholderEquity": 2394652000.0
        },
        "2008-01-31": {
          "totalAssets": 3747671000.0,
          "totalLiabilities": 1129759000.0,
          "shareholderEquity": 2617912000.0
        },
        "2007-01-31": {
          "totalAssets": 2675263000.0,
          "totalLiabilities": 668344000.0,
          "shareholderEquity": 2006919000.0
        },
        "2006-01-31": {
          "totalAssets": 1915299000.0,
          "totalLiabilities": 457543000.0,
          "shareholderEquity": 1457756000.0
        }
      },
      "cashflow": {
        "2025-01-31": {
          "operatingCashFlow": 64089000000.0,
          "capitalExpenditures": 3236000000.0,
          "freeCashFlow": null
        },
        "2024-01-31": {
          "operatingCashFlow": 28090000000.0,
          "capitalExpenditures": 1069000000.0,
          "freeCashFlow": null
        },
        "2023-01-31": {
          "operatingCashFlow": 5641000000.0,
          "capitalExpenditures": 1833000000.0,
          "freeCashFlow": null
        },
        "2022-01-31": {
          "operatingCashFlow": 9108000000.0,
          "capitalExpenditures": 976000000.0,
          "freeCashFlow": null
        },
        "2021-01-31": {
          "operatingCashFlow": 5822000000.0,
          "capitalExpenditures": 1128000000.0,
          "freeCashFlow": null
        },
        "2020-01-31": {
          "operatingCashFlow": 4761000000.0,
          "capitalExpenditures": 489000000.0,
          "freeCashFlow": null
        },
        "2019-01-31": {
          "operatingCashFlow": 3743000000.0,
          "capitalExpenditures": 600000000.0,
          "freeCashFlow": null
        },
        "2018-01-31": {
          "operatingCashFlow": 3502000000.0,
          "capitalExpenditures": 593000000.0,
          "freeCashFlow": null
        },
        "2017-01-31": {
          "operatingCashFlow": 1672000000.0,
          "capitalExpenditures": 176000000.0,
          "freeCashFlow": null
        },
        "2016-01-31": {
          "operatingCashFlow": 1175000000.0,
          "capitalExpenditures": 86000000.0,
          "freeCashFlow": null
        },
        "2015-01-31": {
          "operatingCashFlow": 906000000.0,
          "capitalExpenditures": 122000000.0,
          "freeCashFlow": null
        },
        "2014-01-31": {
          "operatingCashFlow": 835000000.0,
          "capitalExpenditures": 255000000.0,
          "freeCashFlow": null
        },
        "2013-01-31": {
          "operatingCashFlow": 824172000.0,
          "capitalExpenditures": 183309000.0,
          "freeCashFlow": null
        },
        "2012-01-31": {
          "operatingCashFlow": 909156000.0,
          "capitalExpenditures": 138735000.0,
          "freeCashFlow": null
        },
        "2011-01-31": {
          "operatingCashFlow": 675797000.0,
          "capitalExpenditures": 97890000.0,
          "freeCashFlow": null
        },
        "2010-01-31": {
          "operatingCashFlow": 487807000.0,
          "capitalExpenditures": 77601000.0,
          "freeCashFlow": null
        },
        "2009-01-31": {
          "operatingCashFlow": 249360000.0,
          "capitalExpenditures": 407670000.0,
          "freeCashFlow": null
        },
        "2008-01-31": {
          "operatingCashFlow": 1270196000.0,
          "capitalExpenditures": 187745000.0,
          "freeCashFlow": null
        },
        "2007-01-31": {
          "operatingCashFlow": 587111000.0,
          "capitalExpenditures": 145256000.0,
          "freeCashFlow": null
        },
        "2006-01-31": {
          "operatingCashFlow": 446408000.0,
          "capitalExpenditures": 79600000.0,
          "freeCashFlow": null
        }
      },
      "incomestatement": {
        "2025-01-31": {
          "totalRevenue": 130497000000.0,
          "netIncome": 72880000000.0,
          "eps": null,
          "interestExpense": 247000000.0,
          "netInterestIncome": 1539000000.0
        },
        "2024-01-31": {
          "totalRevenue": 60922000000.0,
          "netIncome": 29760000000.0,
          "eps": null,
          "interestExpense": 257000000.0,
          "netInterestIncome": 609000000.0
        },
        "2023-01-31": {
          "totalRevenue": 26974000000.0,
          "netIncome": 4368000000.0,
          "eps": null,
          "interestExpense": 262000000.0,
          "netInterestIncome": 5000000.0
        },
        "2022-01-31": {
          "totalRevenue": 26914000000.0,
          "netIncome": 9752000000.0,
          "eps": null,
          "interestExpense": 236000000.0,
          "netInterestIncome": -207000000.0
        },
        "2021-01-31": {
          "totalRevenue": 16675000000.0,
          "netIncome": 4332000000.0,
          "eps": null,
          "interestExpense": 184000000.0,
          "netInterestIncome": -127000000.0
        },
        "2020-01-31": {
          "totalRevenue": 10918000000.0,
          "netIncome": 2796000000.0,
          "eps": null,
          "interestExpense": 52000000.0,
          "netInterestIncome": 126000000.0
        },
        "2019-01-31": {
          "totalRevenue": 11716000000.0,
          "netIncome": 4141000000.0,
          "eps": null,
          "interestExpense": 58000000.0,
          "netInterestIncome": 78000000.0
        },
        "2018-01-31": {
          "totalRevenue": 9714000000.0,
          "netIncome": 3047000000.0,
          "eps": null,
          "interestExpense": 61000000.0,
          "netInterestIncome": 8000000.0
        },
        "2017-01-31": {
          "totalRevenue": 6910000000.0,
          "netIncome": 1666000000.0,
          "eps": null,
          "interestExpense": 58000000.0,
          "netInterestIncome": -4000000.0
        },
        "2016-01-31": {
          "totalRevenue": 5010000000.0,
          "netIncome": 614000000.0,
          "eps": null,
          "interestExpense": 47000000.0,
          "netInterestIncome": null
        },
        "2015-01-31": {
          "totalRevenue": 4682000000.0,
          "netIncome": 631000000.0,
          "eps": null,
          "interestExpense": 46000000.0,
          "netInterestIncome": null
        },
        "2014-01-31": {
          "totalRevenue": 4130000000.0,
          "netIncome": 440000000.0,
          "eps": null,
          "interestExpense": 10000000.0,
          "netInterestIncome": null
        },
        "2013-01-31": {
          "totalRevenue": 4280159000.0,
          "netIncome": 562536000.0,
          "eps": null,
          "interestExpense": 3294000.0,
          "netInterestIncome": null
        },
        "2012-01-31": {
          "totalRevenue": 3997930000.0,
          "netIncome": 581090000.0,
          "eps": null,
          "interestExpense": 3089000.0,
          "netInterestIncome": null
        },
        "2011-01-31": {
          "totalRevenue": 3543309000.0,
          "netIncome": 253146000.0,
          "eps": null,
          "interestExpense": 3127000.0,
          "netInterestIncome": null
        },
        "2010-01-31": {
          "totalRevenue": 3326445000.0,
          "netIncome": -67987000.0,
          "eps": null,
          "interestExpense": 3320000.0,
          "netInterestIncome": null
        },
        "2009-01-31": {
          "totalRevenue": 3424859000.0,
          "netIncome": -30041000.0,
          "eps": null,
          "interestExpense": 406000.0,
          "netInterestIncome": null
        },
        "2008-01-31": {
          "totalRevenue": 4097860000.0,
          "netIncome": 797645000.0,
          "eps": null,
          "interestExpense": 0.0,
          "netInterestIncome": null
        },
        "2007-01-31": {
          "totalRevenue": 3068771000.0,
          "netIncome": 448834000.0,
          "eps": null,
          "interestExpense": 21000.0,
          "netInterestIncome": null
        },
        "2006-01-31": {
          "totalRevenue": 2375687000.0,
          "netIncome": 302586000.0,
          "eps": null,
          "interestExpense": 72000.0,
          "netInterestIncome": null
        }
      }
    }
  },
  "timestamp": "2026-01-21T15:49:51.796075+00:00"
}