{
  "symbol": "KO",
  "chosen_source": "alphavantage",
  "years_found": 20,
  "available_years": [
    "2006",
    "2007",
    "2008",
    "2009",
    "2010",
    "2011",
    "2012",
    "2013",
    "2014",
    "2015",
    "2016",
    "2017",
    "2018",
    "2019",
    "2020",
    "2021",
    "2022",
    "2023",
    "2024",
    "2025"
  ],
  "all_scores": {
    "yfinance": 5,
    "finnhub": 3,
    "alphavantage": 20
  },
  "final_payload": {
    "overview": {
      "name": "The Coca-Cola Company",
      "currency": "USD",
      "marketCap": 338450579000.0,
      "peRatio": 25.88
    },
    "balancesheet": {
      "2025-12-31": {
        "totalAssets": 104816000000.0,
        "totalLiabilities": 70541000000.0,
        "shareholderEquity": 32169000000.0
      },
      "2024-12-31": {
        "totalAssets": 100549000000.0,
        "totalLiabilities": 74177000000.0,
        "shareholderEquity": 24856000000.0
      },
      "2023-12-31": {
        "totalAssets": 97703000000.0,
        "totalLiabilities": 70223000000.0,
        "shareholderEquity": 25941000000.0
      },
      "2022-12-31": {
        "totalAssets": 92763000000.0,
        "totalLiabilities": 66937000000.0,
        "shareholderEquity": 24105000000.0
      },
      "2021-12-31": {
        "totalAssets": 94354000000.0,
        "totalLiabilities": 69494000000.0,
        "shareholderEquity": 22999000000.0
      },
      "2020-12-31": {
        "totalAssets": 87296000000.0,
        "totalLiabilities": 66012000000.0,
        "shareholderEquity": 19299000000.0
      },
      "2019-12-31": {
        "totalAssets": 86381000000.0,
        "totalLiabilities": 65283000000.0,
        "shareholderEquity": 18981000000.0
      },
      "2018-12-31": {
        "totalAssets": 83216000000.0,
        "totalLiabilities": 64158000000.0,
        "shareholderEquity": 16981000000.0
      },
      "2017-12-31": {
        "totalAssets": 87896000000.0,
        "totalLiabilities": 68919000000.0,
        "shareholderEquity": 17072000000.0
      },
      "2016-12-31": {
        "totalAssets": 87270000000.0,
        "totalLiabilities": 64050000000.0,
        "shareholderEquity": 23062000000.0
      },
      "2015-12-31": {
        "totalAssets": 89996000000.0,
        "totalLiabilities": 64232000000.0,
        "shareholderEquity": 25554000000.0
      },
      "2014-12-31": {
        "totalAssets": 92023000000.0,
        "totalLiabilities": 61462000000.0,
        "shareholderEquity": 30320000000.0
      },
      "2013-12-31": {
        "totalAssets": 90055000000.0,
        "totalLiabilities": 56615000000.0,
        "shareholderEquity": 33173000000.0
      },
      "2012-12-31": {
        "totalAssets": 86174000000.0,
        "totalLiabilities": 53006000000.0,
        "shareholderEquity": 32790000000.0
      },
      "2011-12-31": {
        "totalAssets": 79974000000.0,
        "totalLiabilities": 48053000000.0,
        "shareholderEquity": 31635000000.0
      },
      "2010-12-31": {
        "totalAssets": 72921000000.0,
        "totalLiabilities": 41604000000.0,
        "shareholderEquity": 31003000000.0
      },
      "2009-12-31": {
        "totalAssets": 48671000000.0,
        "totalLiabilities": 23325000000.0,
        "shareholderEquity": 24799000000.0
      },
      "2008-12-31": {
        "totalAssets": 40519000000.0,
        "totalLiabilities": 20047000000.0,
        "shareholderEquity": 20472000000.0
      },
      "2007-12-31": {
        "totalAssets": 43269000000.0,
        "totalLiabilities": 21525000000.0,
        "shareholderEquity": 21744000000.0
      },
      "2006-12-31": {
        "totalAssets": 29963000000.0,
        "totalLiabilities": 13043000000.0,
        "shareholderEquity": 16920000000.0
      }
    },
    "cashflow": {
      "2025-12-31": {
        "operatingCashFlow": 7408000000.0,
        "capitalExpenditures": 2112000000.0,
        "freeCashFlow": null
      },
      "2024-12-31": {
        "operatingCashFlow": 6805000000.0,
        "capitalExpenditures": 2064000000.0,
        "freeCashFlow": null
      },
      "2023-12-31": {
        "operatingCashFlow": 11599000000.0,
        "capitalExpenditures": 1852000000.0,
        "freeCashFlow": null
      },
      "2022-12-31": {
        "operatingCashFlow": 11018000000.0,
        "capitalExpenditures": 1484000000.0,
        "freeCashFlow": null
      },
      "2021-12-31": {
        "operatingCashFlow": 12625000000.0,
        "capitalExpenditures": 1367000000.0,
        "freeCashFlow": null
      },
      "2020-12-31": {
        "operatingCashFlow": 9844000000.0,
        "capitalExpenditures": 1177000000.0,
        "freeCashFlow": null
      },
      "2019-12-31": {
        "operatingCashFlow": 10471000000.0,
        "capitalExpenditures": 2054000000.0,
        "freeCashFlow": null
      },
      "2018-12-31": {
        "operatingCashFlow": 7627000000.0,
        "capitalExpenditures": 1548000000.0,
        "freeCashFlow": null
      },
      "2017-12-31": {
        "operatingCashFlow": 7106000000.0,
        "capitalExpenditures": 1675000000.0,
        "freeCashFlow": null
      },
      "2016-12-31": {
        "operatingCashFlow": 8796000000.0,
        "capitalExpenditures": 2262000000.0,
        "freeCashFlow": null
      },
      "2015-12-31": {
        "operatingCashFlow": 10528000000.0,
        "capitalExpenditures": 2553000000.0,
        "freeCashFlow": null
      },
      "2014-12-31": {
        "operatingCashFlow": 10615000000.0,
        "capitalExpenditures": 2406000000.0,
        "freeCashFlow": null
      },
      "2013-12-31": {
        "operatingCashFlow": 10542000000.0,
        "capitalExpenditures": 2550000000.0,
        "freeCashFlow": null
      },
      "2012-12-31": {
        "operatingCashFlow": 10645000000.0,
        "capitalExpenditures": 2780000000.0,
        "freeCashFlow": null
      },
      "2011-12-31": {
        "operatingCashFlow": 9474000000.0,
        "capitalExpenditures": 2920000000.0,
        "freeCashFlow": null
      },
      "2010-12-31": {
        "operatingCashFlow": 9532000000.0,
        "capitalExpenditures": 2215000000.0,
        "freeCashFlow": null
      },
      "2009-12-31": {
        "operatingCashFlow": 8186000000.0,
        "capitalExpenditures": 1993000000.0,
        "freeCashFlow": null
      },
      "2008-12-31": {
        "operatingCashFlow": 7571000000.0,
        "capitalExpenditures": 1968000000.0,
        "freeCashFlow": null
      },
      "2007-12-31": {
        "operatingCashFlow": 7150000000.0,
        "capitalExpenditures": 1648000000.0,
        "freeCashFlow": null
      },
      "2006-12-31": {
        "operatingCashFlow": 5957000000.0,
        "capitalExpenditures": 1407000000.0,
        "freeCashFlow": null
      }
    },
    "incomestatement": {
      "2025-12-31": {
        "totalRevenue": 47941000000.0,
        "netIncome": 13107000000.0,
        "eps": null,
        "interestExpense": 1654000000.0,
        "netInterestIncome": null
      },
      "2024-12-31": {
        "totalRevenue": 47061000000.0,
        "netIncome": 10631000000.0,
        "eps": null,
        "interestExpense": 1656000000.0,
        "netInterestIncome": -668000000.0
      },
      "2023-12-31": {
        "totalRevenue": 45754000000.0,
        "netIncome": 10714000000.0,
        "eps": null,
        "interestExpense": 1527000000.0,
        "netInterestIncome": -635000000.0
      },
      "2022-12-31": {
        "totalRevenue": 43004000000.0,
        "netIncome": 9542000000.0,
        "eps": null,
        "interestExpense": 882000000.0,
        "netInterestIncome": -433000000.0
      },
      "2021-12-31": {
        "totalRevenue": 38655000000.0,
        "netIncome": 9771000000.0,
        "eps": null,
        "interestExpense": 1597000000.0,
        "netInterestIncome": -1321000000.0
      },
      "2020-12-31": {
        "totalRevenue": 33014000000.0,
        "netIncome": 7747000000.0,
        "eps": null,
        "interestExpense": 1437000000.0,
        "netInterestIncome": -1067000000.0
      },
      "2019-12-31": {
        "totalRevenue": 37266000000.0,
        "netIncome": 8920000000.0,
        "eps": null,
        "interestExpense": 946000000.0,
        "netInterestIncome": -383000000.0
      },
      "2018-12-31": {
        "totalRevenue": 34300000000.0,
        "netIncome": 6434000000.0,
        "eps": null,
        "interestExpense": 950000000.0,
        "netInterestIncome": -237000000.0
      },
      "2017-12-31": {
        "totalRevenue": 36212000000.0,
        "netIncome": 1248000000.0,
        "eps": null,
        "interestExpense": 853000000.0,
        "netInterestIncome": -164000000.0
      },
      "2016-12-31": {
        "totalRevenue": 41863000000.0,
        "netIncome": 6527000000.0,
        "eps": null,
        "interestExpense": 733000000.0,
        "netInterestIncome": -91000000.0
      },
      "2015-12-31": {
        "totalRevenue": 44294000000.0,
        "netIncome": 7351000000.0,
        "eps": null,
        "interestExpense": 856000000.0,
        "netInterestIncome": null
      },
      "2014-12-31": {
        "totalRevenue": 45998000000.0,
        "netIncome": 7098000000.0,
        "eps": null,
        "interestExpense": 483000000.0,
        "netInterestIncome": null
      },
      "2013-12-31": {
        "totalRevenue": 46854000000.0,
        "netIncome": 8584000000.0,
        "eps": null,
        "interestExpense": 463000000.0,
        "netInterestIncome": null
      },
      "2012-12-31": {
        "totalRevenue": 48017000000.0,
        "netIncome": 9019000000.0,
        "eps": null,
        "interestExpense": 397000000.0,
        "netInterestIncome": null
      },
      "2011-12-31": {
        "totalRevenue": 46542000000.0,
        "netIncome": 8584000000.0,
        "eps": null,
        "interestExpense": 417000000.0,
        "netInterestIncome": null
      },
      "2010-12-31": {
        "totalRevenue": 35119000000.0,
        "netIncome": 11787000000.0,
        "eps": null,
        "interestExpense": 733000000.0,
        "netInterestIncome": null
      },
      "2009-12-31": {
        "totalRevenue": 30990000000.0,
        "netIncome": 6824000000.0,
        "eps": null,
        "interestExpense": 355000000.0,
        "netInterestIncome": null
      },
      "2008-12-31": {
        "totalRevenue": 31944000000.0,
        "netIncome": 5807000000.0,
        "eps": null,
        "interestExpense": 438000000.0,
        "netInterestIncome": null
      },
      "2007-12-31": {
        "totalRevenue": 28857000000.0,
        "netIncome": 5981000000.0,
        "eps": null,
        "interestExpense": 456000000.0,
        "netInterestIncome": null
      },
      "2006-12-31": {
        "totalRevenue": 24088000000.0,
        "netIncome": 5080000000.0,
        "eps": null,
        "interestExpense": 0.0,
        "netInterestIncome": null
      }
    }
  },
  "raw": {
    "yfinance": {
      "overview": {
        "marketCap": 338450579456.0,
        "sharesOutstanding": 4301608845.0,
        "peRatio": 25.881578,
        "currency": "USD",
        "name": "Coca-Cola Company (The)",
        "sector": "Consumer Defensive",
        "industry": "Beverages - Non-Alcoholic"
      },
      "balancesheet": {
        "2024-12-31": {
          "Treasury Shares Number": 2738000000.0,
          "Ordinary Shares Number": 4302000000.0,
          "Share Issued": 7040000000.0,
          "Net Debt": 33694000000.0,
          "Total Debt": 44522000000.0,
          "Tangible Book Value": -6584000000.0,
          "Invested Capital": 69378000000.0,
          "Working Capital": 748000000.0,
          "Net Tangible Assets": -6584000000.0,
          "Common Stock Equity": 24856000000.0,
          "Total Capitalization": 67231000000.0,
          "Total Equity Gross Minority Interest": 26372000000.0,
          "Minority Interest": 1516000000.0,
          "Stockholders Equity": 24856000000.0,
          "Gains Losses Not Affecting Retained Earnings": -16843000000.0,
          "Other Equity Adjustments": 116000000.0,
          "Foreign Currency Translation Adjustments": -15610000000.0,
          "Minimum Pension Liabilities": -1285000000.0,
          "Unrealized Gain Loss": -64000000.0,
          "Treasury Stock": 55916000000.0,
          "Retained Earnings": 76054000000.0,
          "Additional Paid In Capital": 19801000000.0,
          "Capital Stock": 1760000000.0,
          "Common Stock": 1760000000.0,
          "Total Liabilities Net Minority Interest": 74177000000.0,
          "Total Non Current Liabilities Net Minority Interest": 48928000000.0,
          "Other Non Current Liabilities": 4084000000.0,
          "Non Current Deferred Liabilities": 2469000000.0,
          "Non Current Deferred Taxes Liabilities": 2469000000.0,
          "Long Term Debt And Capital Lease Obligation": 42375000000.0,
          "Long Term Debt": 42375000000.0,
          "Current Liabilities": 25249000000.0,
          "Current Debt And Capital Lease Obligation": 2147000000.0,
          "Current Debt": 2147000000.0,
          "Other Current Borrowings": 648000000.0,
          "Line Of Credit": 360000000.0,
          "Commercial Paper": 1139000000.0,
          "Pensionand Other Post Retirement Benefit Plans Current": 1391000000.0,
          "Payables And Accrued Expenses": 21711000000.0,
          "Current Accrued Expenses": 14856000000.0,
          "Payables": 6855000000.0,
          "Other Payable": NaN,
          "Total Tax Payable": 1387000000.0,
          "Income Tax Payable": 1387000000.0,
          "Accounts Payable": 5468000000.0,
          "Total Assets": 100549000000.0,
          "Total Non Current Assets": 74552000000.0,
          "Other Non Current Assets": 13403000000.0,
          "Non Current Deferred Assets": 1319000000.0,
          "Non Current Deferred Taxes Assets": 1319000000.0,
          "Investments And Advances": 18087000000.0,
          "Other Investments": NaN,
          "Long Term Equity Investment": 18087000000.0,
          "Goodwill And Other Intangible Assets": 31440000000.0,
          "Other Intangible Assets": 13301000000.0,
          "Goodwill": 18139000000.0,
          "Net PPE": 10303000000.0,
          "Accumulated Depreciation": -9570000000.0,
          "Gross PPE": 19873000000.0,
          "Machinery Furniture Equipment": 14504000000.0,
          "Buildings And Improvements": 5143000000.0,
          "Land And Improvements": 226000000.0,
          "Properties": 0.0,
          "Current Assets": 25997000000.0,
          "Other Current Assets": 3129000000.0,
          "Prepaid Assets": NaN,
          "Inventory": 4728000000.0,
          "Other Inventories": 410000000.0,
          "Finished Goods": 1524000000.0,
          "Raw Materials": 2794000000.0,
          "Receivables": 3569000000.0,
          "Accounts Receivable": 3569000000.0,
          "Allowance For Doubtful Accounts Receivable": -506000000.0,
          "Gross Accounts Receivable": 4075000000.0,
          "Cash Cash Equivalents And Short Term Investments": 14571000000.0,
          "Other Short Term Investments": 3743000000.0,
          "Cash And Cash Equivalents": 10828000000.0
        },
        "2023-12-31": {
          "Treasury Shares Number": 2732000000.0,
          "Ordinary Shares Number": 4308000000.0,
          "Share Issued": 7040000000.0,
          "Net Debt": 32698000000.0,
          "Total Debt": 42064000000.0,
          "Tangible Book Value": -6766000000.0,
          "Invested Capital": 68005000000.0,
          "Working Capital": 3161000000.0,
          "Net Tangible Assets": -6766000000.0,
          "Common Stock Equity": 25941000000.0,
          "Total Capitalization": 61488000000.0,
          "Total Equity Gross Minority Interest": 27480000000.0,
          "Minority Interest": 1539000000.0,
          "Stockholders Equity": 25941000000.0,
          "Gains Losses Not Affecting Retained Earnings": -14275000000.0,
          "Other Equity Adjustments": -154000000.0,
          "Foreign Currency Translation Adjustments": -12726000000.0,
          "Minimum Pension Liabilities": -1394000000.0,
          "Unrealized Gain Loss": -1000000.0,
          "Treasury Stock": 54535000000.0,
          "Retained Earnings": 73782000000.0,
          "Additional Paid In Capital": 19209000000.0,
          "Capital Stock": 1760000000.0,
          "Common Stock": 1760000000.0,
          "Total Liabilities Net Minority Interest": 70223000000.0,
          "Total Non Current Liabilities Net Minority Interest": 46652000000.0,
          "Other Non Current Liabilities": 8466000000.0,
          "Non Current Deferred Liabilities": 2639000000.0,
          "Non Current Deferred Taxes Liabilities": 2639000000.0,
          "Long Term Debt And Capital Lease Obligation": 35547000000.0,
          "Long Term Debt": 35547000000.0,
          "Current Liabilities": 23571000000.0,
          "Current Debt And Capital Lease Obligation": 6517000000.0,
          "Current Debt": 6517000000.0,
          "Other Current Borrowings": 1960000000.0,
          "Line Of Credit": 348000000.0,
          "Commercial Paper": 4209000000.0,
          "Pensionand Other Post Retirement Benefit Plans Current": 1394000000.0,
          "Payables And Accrued Expenses": 15660000000.0,
          "Current Accrued Expenses": 8501000000.0,
          "Payables": 7159000000.0,
          "Other Payable": NaN,
          "Total Tax Payable": 1569000000.0,
          "Income Tax Payable": 1569000000.0,
          "Accounts Payable": 5590000000.0,
          "Total Assets": 97703000000.0,
          "Total Non Current Assets": 70971000000.0,
          "Other Non Current Assets": 7796000000.0,
          "Non Current Deferred Assets": 1561000000.0,
          "Non Current Deferred Taxes Assets": 1561000000.0,
          "Investments And Advances": 19671000000.0,
          "Other Investments": 118000000.0,
          "Long Term Equity Investment": 19671000000.0,
          "Goodwill And Other Intangible Assets": 32707000000.0,
          "Other Intangible Assets": 14349000000.0,
          "Goodwill": 18358000000.0,
          "Net PPE": 9236000000.0,
          "Accumulated Depreciation": -9233000000.0,
          "Gross PPE": 18469000000.0,
          "Machinery Furniture Equipment": 13593000000.0,
          "Buildings And Improvements": 4647000000.0,
          "Land And Improvements": 229000000.0,
          "Properties": 0.0,
          "Current Assets": 26732000000.0,
          "Other Current Assets": 5235000000.0,
          "Prepaid Assets": NaN,
          "Inventory": 4424000000.0,
          "Other Inventories": 357000000.0,
          "Finished Goods": 1449000000.0,
          "Raw Materials": 2618000000.0,
          "Receivables": 3410000000.0,
          "Accounts Receivable": 3410000000.0,
          "Allowance For Doubtful Accounts Receivable": -502000000.0,
          "Gross Accounts Receivable": 3912000000.0,
          "Cash Cash Equivalents And Short Term Investments": 13663000000.0,
          "Other Short Term Investments": 4297000000.0,
          "Cash And Cash Equivalents": 9366000000.0
        },
        "2022-12-31": {
          "Treasury Shares Number": 2712000000.0,
          "Ordinary Shares Number": 4328000000.0,
          "Share Issued": 7040000000.0,
          "Net Debt": 29630000000.0,
          "Total Debt": 39149000000.0,
          "Tangible Book Value": -9526000000.0,
          "Invested Capital": 63254000000.0,
          "Working Capital": 2867000000.0,
          "Net Tangible Assets": -9526000000.0,
          "Common Stock Equity": 24105000000.0,
          "Total Capitalization": 60482000000.0,
          "Total Equity Gross Minority Interest": 25826000000.0,
          "Minority Interest": 1721000000.0,
          "Stockholders Equity": 24105000000.0,
          "Gains Losses Not Affecting Retained Earnings": -14895000000.0,
          "Other Equity Adjustments": 24000000.0,
          "Foreign Currency Translation Adjustments": -13609000000.0,
          "Minimum Pension Liabilities": -1285000000.0,
          "Unrealized Gain Loss": -25000000.0,
          "Treasury Stock": 52601000000.0,
          "Retained Earnings": 71019000000.0,
          "Additional Paid In Capital": 18822000000.0,
          "Capital Stock": 1760000000.0,
          "Common Stock": 1760000000.0,
          "Total Liabilities Net Minority Interest": 66937000000.0,
          "Total Non Current Liabilities Net Minority Interest": 47213000000.0,
          "Other Non Current Liabilities": 7922000000.0,
          "Non Current Deferred Liabilities": 2914000000.0,
          "Non Current Deferred Taxes Liabilities": 2914000000.0,
          "Long Term Debt And Capital Lease Obligation": 36377000000.0,
          "Long Term Debt": 36377000000.0,
          "Current Liabilities": 19724000000.0,
          "Current Debt And Capital Lease Obligation": 2772000000.0,
          "Current Debt": 2772000000.0,
          "Other Current Borrowings": 399000000.0,
          "Line Of Credit": 227000000.0,
          "Commercial Paper": 2146000000.0,
          "Pensionand Other Post Retirement Benefit Plans Current": 1087000000.0,
          "Payables And Accrued Expenses": 15865000000.0,
          "Current Accrued Expenses": 9355000000.0,
          "Payables": 6510000000.0,
          "Other Payable": 934000000.0,
          "Total Tax Payable": 1203000000.0,
          "Income Tax Payable": 1203000000.0,
          "Accounts Payable": 5307000000.0,
          "Total Assets": 92763000000.0,
          "Total Non Current Assets": 70172000000.0,
          "Other Non Current Assets": 6189000000.0,
          "Non Current Deferred Assets": 1746000000.0,
          "Non Current Deferred Taxes Assets": 1746000000.0,
          "Investments And Advances": 18765000000.0,
          "Other Investments": 501000000.0,
          "Long Term Equity Investment": 18264000000.0,
          "Goodwill And Other Intangible Assets": 33631000000.0,
          "Other Intangible Assets": 14849000000.0,
          "Goodwill": 18782000000.0,
          "Net PPE": 9841000000.0,
          "Accumulated Depreciation": -9234000000.0,
          "Gross PPE": 19075000000.0,
          "Machinery Furniture Equipment": 14030000000.0,
          "Buildings And Improvements": 4434000000.0,
          "Land And Improvements": 611000000.0,
          "Properties": 0.0,
          "Current Assets": 22591000000.0,
          "Other Current Assets": 3240000000.0,
          "Prepaid Assets": 3240000000.0,
          "Inventory": 4233000000.0,
          "Other Inventories": 359000000.0,
          "Finished Goods": 1247000000.0,
          "Raw Materials": 2627000000.0,
          "Receivables": 3487000000.0,
          "Accounts Receivable": 3487000000.0,
          "Allowance For Doubtful Accounts Receivable": -516000000.0,
          "Gross Accounts Receivable": 4003000000.0,
          "Cash Cash Equivalents And Short Term Investments": 11631000000.0,
          "Other Short Term Investments": 2112000000.0,
          "Cash And Cash Equivalents": 9519000000.0
        },
        "2021-12-31": {
          "Treasury Shares Number": 2715000000.0,
          "Ordinary Shares Number": 4325128924.0,
          "Share Issued": 7040128924.0,
          "Net Debt": 33077000000.0,
          "Total Debt": 42761000000.0,
          "Tangible Book Value": -11614000000.0,
          "Invested Capital": 65760000000.0,
          "Working Capital": 2595000000.0,
          "Net Tangible Assets": -11614000000.0,
          "Common Stock Equity": 22999000000.0,
          "Total Capitalization": 61115000000.0,
          "Total Equity Gross Minority Interest": 24860000000.0,
          "Minority Interest": 1861000000.0,
          "Stockholders Equity": 22999000000.0,
          "Gains Losses Not Affecting Retained Earnings": -14330000000.0,
          "Other Equity Adjustments": 20000000.0,
          "Foreign Currency Translation Adjustments": -12595000000.0,
          "Minimum Pension Liabilities": -1693000000.0,
          "Unrealized Gain Loss": -62000000.0,
          "Treasury Stock": 51641000000.0,
          "Retained Earnings": 69094000000.0,
          "Additional Paid In Capital": 18116000000.0,
          "Capital Stock": 1760000000.0,
          "Common Stock": 1760000000.0,
          "Total Liabilities Net Minority Interest": 69494000000.0,
          "Total Non Current Liabilities Net Minority Interest": 49544000000.0,
          "Other Non Current Liabilities": 8607000000.0,
          "Non Current Deferred Liabilities": 2821000000.0,
          "Non Current Deferred Taxes Liabilities": 2821000000.0,
          "Long Term Debt And Capital Lease Obligation": 38116000000.0,
          "Long Term Debt": 38116000000.0,
          "Current Liabilities": 19950000000.0,
          "Current Debt And Capital Lease Obligation": 4645000000.0,
          "Current Debt": 4645000000.0,
          "Other Current Borrowings": 1338000000.0,
          "Line Of Credit": 845000000.0,
          "Commercial Paper": 2462000000.0,
          "Pensionand Other Post Retirement Benefit Plans Current": 1051000000.0,
          "Payables And Accrued Expenses": 14254000000.0,
          "Current Accrued Expenses": 7848000000.0,
          "Payables": 6406000000.0,
          "Other Payable": 1118000000.0,
          "Total Tax Payable": 686000000.0,
          "Income Tax Payable": 686000000.0,
          "Accounts Payable": 4602000000.0,
          "Total Assets": 94354000000.0,
          "Total Non Current Assets": 71809000000.0,
          "Other Non Current Assets": 6731000000.0,
          "Non Current Deferred Assets": 2129000000.0,
          "Non Current Deferred Taxes Assets": 2129000000.0,
          "Investments And Advances": 18416000000.0,
          "Other Investments": 818000000.0,
          "Long Term Equity Investment": 17598000000.0,
          "Goodwill And Other Intangible Assets": 34613000000.0,
          "Other Intangible Assets": 15250000000.0,
          "Goodwill": 19363000000.0,
          "Net PPE": 9920000000.0,
          "Accumulated Depreciation": -8942000000.0,
          "Gross PPE": 18862000000.0,
          "Machinery Furniture Equipment": 13861000000.0,
          "Buildings And Improvements": 4349000000.0,
          "Land And Improvements": 652000000.0,
          "Properties": 0.0,
          "Current Assets": 22545000000.0,
          "Other Current Assets": 2994000000.0,
          "Prepaid Assets": 2994000000.0,
          "Inventory": 3414000000.0,
          "Other Inventories": 299000000.0,
          "Finished Goods": 982000000.0,
          "Raw Materials": 2133000000.0,
          "Receivables": 3512000000.0,
          "Accounts Receivable": 3512000000.0,
          "Allowance For Doubtful Accounts Receivable": -516000000.0,
          "Gross Accounts Receivable": 4028000000.0,
          "Cash Cash Equivalents And Short Term Investments": 12625000000.0,
          "Other Short Term Investments": 2941000000.0,
          "Cash And Cash Equivalents": 9684000000.0
        }
      },
      "cashflow": {
        "2024-12-31": {
          "Free Cash Flow": 4741000000.0,
          "Repurchase Of Capital Stock": -1795000000.0,
          "Repayment Of Debt": -9533000000.0,
          "Issuance Of Debt": 12061000000.0,
          "Issuance Of Capital Stock": 747000000.0,
          "Capital Expenditure": -2064000000.0,
          "End Cash Position": 11488000000.0,
          "Beginning Cash Position": 9692000000.0,
          "Effect Of Exchange Rate Changes": -623000000.0,
          "Changes In Cash": 2419000000.0,
          "Financing Cash Flow": -6910000000.0,
          "Cash Flow From Continuing Financing Activities": -6910000000.0,
          "Net Other Financing Charges": -31000000.0,
          "Cash Dividends Paid": -8359000000.0,
          "Common Stock Dividend Paid": -8359000000.0,
          "Net Common Stock Issuance": -1048000000.0,
          "Common Stock Payments": -1795000000.0,
          "Common Stock Issuance": 747000000.0,
          "Net Issuance Payments Of Debt": 2528000000.0,
          "Net Long Term Debt Issuance": 2528000000.0,
          "Long Term Debt Payments": -9533000000.0,
          "Long Term Debt Issuance": 12061000000.0,
          "Investing Cash Flow": 2524000000.0,
          "Cash Flow From Continuing Investing Activities": 2524000000.0,
          "Net Other Investing Changes": 429000000.0,
          "Net Investment Purchase And Sale": 949000000.0,
          "Sale Of Investment": 6589000000.0,
          "Purchase Of Investment": -5640000000.0,
          "Net Business Purchase And Sale": 3170000000.0,
          "Sale Of Business": 3485000000.0,
          "Purchase Of Business": -315000000.0,
          "Net PPE Purchase And Sale": -2024000000.0,
          "Sale Of PPE": 40000000.0,
          "Purchase Of PPE": -2064000000.0,
          "Operating Cash Flow": 6805000000.0,
          "Cash Flow From Continuing Operating Activities": 6805000000.0,
          "Change In Working Capital": -6234000000.0,
          "Change In Other Current Liabilities": -63000000.0,
          "Change In Payables And Accrued Expense": 311000000.0,
          "Change In Payable": 311000000.0,
          "Change In Account Payable": 1134000000.0,
          "Change In Tax Payable": -823000000.0,
          "Change In Income Tax Payable": -823000000.0,
          "Change In Prepaid Assets": -5667000000.0,
          "Change In Inventory": -520000000.0,
          "Change In Receivables": -295000000.0,
          "Changes In Account Receivables": -295000000.0,
          "Other Non Cash Items": 1952000000.0,
          "Stock Based Compensation": 286000000.0,
          "Deferred Tax": -11000000.0,
          "Deferred Income Tax": -11000000.0,
          "Depreciation Amortization Depletion": 1075000000.0,
          "Depreciation And Amortization": 1075000000.0,
          "Operating Gains Losses": -912000000.0,
          "Earnings Losses From Equity Investments": -802000000.0,
          "Net Foreign Currency Exchange Gain Loss": -110000000.0,
          "Net Income From Continuing Operations": 10649000000.0
        },
        "2023-12-31": {
          "Free Cash Flow": 9747000000.0,
          "Repurchase Of Capital Stock": -2289000000.0,
          "Repayment Of Debt": -5034000000.0,
          "Issuance Of Debt": 6891000000.0,
          "Issuance Of Capital Stock": 539000000.0,
          "Capital Expenditure": -1852000000.0,
          "End Cash Position": 9692000000.0,
          "Beginning Cash Position": 9825000000.0,
          "Effect Of Exchange Rate Changes": -73000000.0,
          "Changes In Cash": -60000000.0,
          "Financing Cash Flow": -8310000000.0,
          "Cash Flow From Continuing Financing Activities": -8310000000.0,
          "Net Other Financing Charges": -465000000.0,
          "Cash Dividends Paid": -7952000000.0,
          "Common Stock Dividend Paid": -7952000000.0,
          "Net Common Stock Issuance": -1750000000.0,
          "Common Stock Payments": -2289000000.0,
          "Common Stock Issuance": 539000000.0,
          "Net Issuance Payments Of Debt": 1857000000.0,
          "Net Long Term Debt Issuance": 1857000000.0,
          "Long Term Debt Payments": -5034000000.0,
          "Long Term Debt Issuance": 6891000000.0,
          "Investing Cash Flow": -3349000000.0,
          "Cash Flow From Continuing Investing Activities": -3349000000.0,
          "Net Other Investing Changes": 405000000.0,
          "Net Investment Purchase And Sale": -2344000000.0,
          "Sale Of Investment": 4354000000.0,
          "Purchase Of Investment": -6698000000.0,
          "Net Business Purchase And Sale": 368000000.0,
          "Sale Of Business": 430000000.0,
          "Purchase Of Business": -62000000.0,
          "Net PPE Purchase And Sale": -1778000000.0,
          "Sale Of PPE": 74000000.0,
          "Purchase Of PPE": -1852000000.0,
          "Operating Cash Flow": 11599000000.0,
          "Cash Flow From Continuing Operating Activities": 11599000000.0,
          "Change In Working Capital": -846000000.0,
          "Change In Other Current Liabilities": -187000000.0,
          "Change In Payables And Accrued Expense": 263000000.0,
          "Change In Payable": 263000000.0,
          "Change In Account Payable": 841000000.0,
          "Change In Tax Payable": -578000000.0,
          "Change In Income Tax Payable": -578000000.0,
          "Change In Prepaid Assets": -323000000.0,
          "Change In Inventory": -597000000.0,
          "Change In Receivables": -2000000.0,
          "Changes In Account Receivables": -2000000.0,
          "Other Non Cash Items": 1206000000.0,
          "Stock Based Compensation": 254000000.0,
          "Deferred Tax": -2000000.0,
          "Deferred Income Tax": -2000000.0,
          "Depreciation Amortization Depletion": 1128000000.0,
          "Depreciation And Amortization": 1128000000.0,
          "Operating Gains Losses": -844000000.0,
          "Earnings Losses From Equity Investments": -1019000000.0,
          "Net Foreign Currency Exchange Gain Loss": 175000000.0,
          "Net Income From Continuing Operations": 10703000000.0
        },
        "2022-12-31": {
          "Free Cash Flow": 9534000000.0,
          "Repurchase Of Capital Stock": -1418000000.0,
          "Repayment Of Debt": -4930000000.0,
          "Issuance Of Debt": 3972000000.0,
          "Issuance Of Capital Stock": 837000000.0,
          "Capital Expenditure": -1484000000.0,
          "End Cash Position": 9825000000.0,
          "Beginning Cash Position": 10025000000.0,
          "Effect Of Exchange Rate Changes": -205000000.0,
          "Changes In Cash": 5000000.0,
          "Financing Cash Flow": -10250000000.0,
          "Cash Flow From Continuing Financing Activities": -10250000000.0,
          "Net Other Financing Charges": -1095000000.0,
          "Cash Dividends Paid": -7616000000.0,
          "Common Stock Dividend Paid": -7616000000.0,
          "Net Common Stock Issuance": -581000000.0,
          "Common Stock Payments": -1418000000.0,
          "Common Stock Issuance": 837000000.0,
          "Net Issuance Payments Of Debt": -958000000.0,
          "Net Long Term Debt Issuance": -958000000.0,
          "Long Term Debt Payments": -4930000000.0,
          "Long Term Debt Issuance": 3972000000.0,
          "Investing Cash Flow": -763000000.0,
          "Cash Flow From Continuing Investing Activities": -763000000.0,
          "Net Other Investing Changes": -759000000.0,
          "Net Investment Purchase And Sale": 1020000000.0,
          "Sale Of Investment": 4771000000.0,
          "Purchase Of Investment": -3751000000.0,
          "Net Business Purchase And Sale": 385000000.0,
          "Sale Of Business": 458000000.0,
          "Purchase Of Business": -73000000.0,
          "Net PPE Purchase And Sale": -1409000000.0,
          "Sale Of PPE": 75000000.0,
          "Purchase Of PPE": -1484000000.0,
          "Operating Cash Flow": 11018000000.0,
          "Cash Flow From Continuing Operating Activities": 11018000000.0,
          "Change In Working Capital": -605000000.0,
          "Change In Other Current Liabilities": -200000000.0,
          "Change In Payables And Accrued Expense": 399000000.0,
          "Change In Payable": 399000000.0,
          "Change In Account Payable": 759000000.0,
          "Change In Tax Payable": -360000000.0,
          "Change In Income Tax Payable": -360000000.0,
          "Change In Prepaid Assets": 225000000.0,
          "Change In Inventory": -960000000.0,
          "Change In Receivables": -69000000.0,
          "Changes In Account Receivables": -69000000.0,
          "Other Non Cash Items": 1193000000.0,
          "Stock Based Compensation": 356000000.0,
          "Deferred Tax": -122000000.0,
          "Deferred Income Tax": -122000000.0,
          "Depreciation Amortization Depletion": 1260000000.0,
          "Depreciation And Amortization": 1260000000.0,
          "Operating Gains Losses": -635000000.0,
          "Earnings Losses From Equity Investments": -838000000.0,
          "Net Foreign Currency Exchange Gain Loss": 203000000.0,
          "Net Income From Continuing Operations": 9571000000.0
        },
        "2021-12-31": {
          "Free Cash Flow": 11258000000.0,
          "Repurchase Of Capital Stock": -111000000.0,
          "Repayment Of Debt": -12866000000.0,
          "Issuance Of Debt": 13094000000.0,
          "Issuance Of Capital Stock": 702000000.0,
          "Capital Expenditure": -1367000000.0,
          "End Cash Position": 10025000000.0,
          "Beginning Cash Position": 7110000000.0,
          "Effect Of Exchange Rate Changes": -159000000.0,
          "Changes In Cash": 3074000000.0,
          "Financing Cash Flow": -6786000000.0,
          "Cash Flow From Continuing Financing Activities": -6786000000.0,
          "Net Other Financing Charges": -353000000.0,
          "Cash Dividends Paid": -7252000000.0,
          "Common Stock Dividend Paid": -7252000000.0,
          "Net Common Stock Issuance": 591000000.0,
          "Common Stock Payments": -111000000.0,
          "Common Stock Issuance": 702000000.0,
          "Net Issuance Payments Of Debt": 228000000.0,
          "Net Long Term Debt Issuance": 228000000.0,
          "Long Term Debt Payments": -12866000000.0,
          "Long Term Debt Issuance": 13094000000.0,
          "Investing Cash Flow": -2765000000.0,
          "Cash Flow From Continuing Investing Activities": -2765000000.0,
          "Net Other Investing Changes": 51000000.0,
          "Net Investment Purchase And Sale": 1029000000.0,
          "Sale Of Investment": 7059000000.0,
          "Purchase Of Investment": -6030000000.0,
          "Net Business Purchase And Sale": -2586000000.0,
          "Sale Of Business": 2180000000.0,
          "Purchase Of Business": -4766000000.0,
          "Net PPE Purchase And Sale": -1259000000.0,
          "Sale Of PPE": 108000000.0,
          "Purchase Of PPE": -1367000000.0,
          "Operating Cash Flow": 12625000000.0,
          "Cash Flow From Continuing Operating Activities": 12625000000.0,
          "Change In Working Capital": 1325000000.0,
          "Change In Other Current Liabilities": -351000000.0,
          "Change In Payables And Accrued Expense": 2277000000.0,
          "Change In Payable": 2277000000.0,
          "Change In Account Payable": 2843000000.0,
          "Change In Tax Payable": -566000000.0,
          "Change In Income Tax Payable": -566000000.0,
          "Change In Prepaid Assets": -241000000.0,
          "Change In Inventory": -135000000.0,
          "Change In Receivables": -225000000.0,
          "Changes In Account Receivables": -225000000.0,
          "Other Non Cash Items": -658000000.0,
          "Stock Based Compensation": 337000000.0,
          "Deferred Tax": 894000000.0,
          "Deferred Income Tax": 894000000.0,
          "Depreciation Amortization Depletion": 1452000000.0,
          "Depreciation And Amortization": 1452000000.0,
          "Operating Gains Losses": -529000000.0,
          "Earnings Losses From Equity Investments": -615000000.0,
          "Net Foreign Currency Exchange Gain Loss": 86000000.0,
          "Net Income From Continuing Operations": 9804000000.0
        }
      },
      "incomestatement": {
        "2025-12-31": {
          "Tax Effect Of Unusual Items": NaN,
          "Tax Rate For Calcs": NaN,
          "Normalized EBITDA": NaN,
          "Total Unusual Items": NaN,
          "Total Unusual Items Excluding Goodwill": NaN,
          "Net Income From Continuing Operation Net Minority Interest": NaN,
          "Reconciled Depreciation": NaN,
          "Reconciled Cost Of Revenue": NaN,
          "EBITDA": NaN,
          "EBIT": NaN,
          "Interest Income": NaN,
          "Normalized Income": NaN,
          "Net Income From Continuing And Discontinued Operation": NaN,
          "Total Expenses": NaN,
          "Total Operating Income As Reported": NaN,
          "Diluted Average Shares": 4313000000.0,
          "Basic Average Shares": 4303000000.0,
          "Diluted EPS": 3.04,
          "Basic EPS": 3.05,
          "Diluted NI Availto Com Stockholders": NaN,
          "Net Income Common Stockholders": NaN,
          "Net Income": NaN,
          "Minority Interests": NaN,
          "Net Income Including Noncontrolling Interests": NaN,
          "Net Income Continuous Operations": NaN,
          "Tax Provision": NaN,
          "Pretax Income": NaN,
          "Other Income Expense": NaN,
          "Other Non Operating Income Expenses": NaN,
          "Special Income Charges": NaN,
          "Gain On Sale Of Ppe": NaN,
          "Gain On Sale Of Business": NaN,
          "Other Special Charges": NaN,
          "Write Off": NaN,
          "Impairment Of Capital Assets": NaN,
          "Restructuring And Mergern Acquisition": NaN,
          "Earnings From Equity Interest": NaN,
          "Gain On Sale Of Security": NaN,
          "Net Non Operating Interest Income Expense": NaN,
          "Interest Expense Non Operating": NaN,
          "Interest Income Non Operating": NaN,
          "Operating Income": NaN,
          "Operating Expense": NaN,
          "Other Operating Expenses": NaN,
          "Depreciation Amortization Depletion Income Statement": NaN,
          "Depreciation And Amortization In Income Statement": NaN,
          "Amortization": NaN,
          "Amortization Of Intangibles Income Statement": NaN,
          "Selling General And Administration": NaN,
          "Selling And Marketing Expense": NaN,
          "General And Administrative Expense": NaN,
          "Other Gand A": NaN,
          "Salaries And Wages": NaN,
          "Gross Profit": NaN,
          "Cost Of Revenue": NaN,
          "Operating Revenue": NaN
        },
        "2024-12-31": {
          "Tax Effect Of Unusual Items": -369396000.0,
          "Tax Rate For Calcs": 0.186,
          "Normalized EBITDA": 17803000000.0,
          "Total Unusual Items": -1986000000.0,
          "Total Unusual Items Excluding Goodwill": -1986000000.0,
          "Net Income From Continuing Operation Net Minority Interest": 10631000000.0,
          "Reconciled Depreciation": 1075000000.0,
          "Reconciled Cost Of Revenue": 18324000000.0,
          "EBITDA": 15817000000.0,
          "EBIT": 14742000000.0,
          "Interest Income": 988000000.0,
          "Normalized Income": 12247604000.0,
          "Net Income From Continuing And Discontinued Operation": 10631000000.0,
          "Total Expenses": 33039000000.0,
          "Total Operating Income As Reported": 9992000000.0,
          "Diluted Average Shares": 4320000000.0,
          "Basic Average Shares": 4309000000.0,
          "Diluted EPS": 2.46,
          "Basic EPS": 2.47,
          "Diluted NI Availto Com Stockholders": 10631000000.0,
          "Net Income Common Stockholders": 10631000000.0,
          "Net Income": 10631000000.0,
          "Minority Interests": -18000000.0,
          "Net Income Including Noncontrolling Interests": 10649000000.0,
          "Net Income Continuous Operations": 10649000000.0,
          "Tax Provision": 2437000000.0,
          "Pretax Income": 13086000000.0,
          "Other Income Expense": -268000000.0,
          "Other Non Operating Income Expenses": -52000000.0,
          "Special Income Charges": -2301000000.0,
          "Gain On Sale Of Ppe": NaN,
          "Gain On Sale Of Business": 842000000.0,
          "Other Special Charges": -23000000.0,
          "Write Off": 34000000.0,
          "Impairment Of Capital Assets": 886000000.0,
          "Restructuring And Mergern Acquisition": 2246000000.0,
          "Earnings From Equity Interest": 1770000000.0,
          "Gain On Sale Of Security": 315000000.0,
          "Net Non Operating Interest Income Expense": -668000000.0,
          "Interest Expense Non Operating": 1656000000.0,
          "Interest Income Non Operating": 988000000.0,
          "Operating Income": 14022000000.0,
          "Operating Expense": 14715000000.0,
          "Other Operating Expenses": 6758000000.0,
          "Depreciation Amortization Depletion Income Statement": NaN,
          "Depreciation And Amortization In Income Statement": NaN,
          "Amortization": NaN,
          "Amortization Of Intangibles Income Statement": NaN,
          "Selling General And Administration": 7957000000.0,
          "Selling And Marketing Expense": 7671000000.0,
          "General And Administrative Expense": 286000000.0,
          "Other Gand A": NaN,
          "Salaries And Wages": 286000000.0,
          "Gross Profit": 28737000000.0,
          "Cost Of Revenue": 18324000000.0,
          "Operating Revenue": 47061000000.0
        },
        "2023-12-31": {
          "Tax Effect Of Unusual Items": -198360000.0,
          "Tax Rate For Calcs": 0.174,
          "Normalized EBITDA": 16747000000.0,
          "Total Unusual Items": -1140000000.0,
          "Total Unusual Items Excluding Goodwill": -1140000000.0,
          "Net Income From Continuing Operation Net Minority Interest": 10714000000.0,
          "Reconciled Depreciation": 1128000000.0,
          "Reconciled Cost Of Revenue": 18520000000.0,
          "EBITDA": 15607000000.0,
          "EBIT": 14479000000.0,
          "Interest Income": 907000000.0,
          "Normalized Income": 11655640000.0,
          "Net Income From Continuing And Discontinued Operation": 10714000000.0,
          "Total Expenses": 32656000000.0,
          "Total Operating Income As Reported": 11311000000.0,
          "Diluted Average Shares": 4339000000.0,
          "Basic Average Shares": 4323000000.0,
          "Diluted EPS": 2.47,
          "Basic EPS": 2.48,
          "Diluted NI Availto Com Stockholders": 10714000000.0,
          "Net Income Common Stockholders": 10714000000.0,
          "Net Income": 10714000000.0,
          "Minority Interests": 11000000.0,
          "Net Income Including Noncontrolling Interests": 10703000000.0,
          "Net Income Continuous Operations": 10703000000.0,
          "Tax Provision": 2249000000.0,
          "Pretax Income": 12952000000.0,
          "Other Income Expense": 473000000.0,
          "Other Non Operating Income Expenses": -78000000.0,
          "Special Income Charges": -1325000000.0,
          "Gain On Sale Of Ppe": -35000000.0,
          "Gain On Sale Of Business": 59000000.0,
          "Other Special Charges": -42000000.0,
          "Write Off": 39000000.0,
          "Impairment Of Capital Assets": NaN,
          "Restructuring And Mergern Acquisition": 1337000000.0,
          "Earnings From Equity Interest": 1691000000.0,
          "Gain On Sale Of Security": 185000000.0,
          "Net Non Operating Interest Income Expense": -620000000.0,
          "Interest Expense Non Operating": 1527000000.0,
          "Interest Income Non Operating": 907000000.0,
          "Operating Income": 13098000000.0,
          "Operating Expense": 14136000000.0,
          "Other Operating Expenses": 6273000000.0,
          "Depreciation Amortization Depletion Income Statement": 15000000.0,
          "Depreciation And Amortization In Income Statement": 15000000.0,
          "Amortization": 15000000.0,
          "Amortization Of Intangibles Income Statement": 15000000.0,
          "Selling General And Administration": 7863000000.0,
          "Selling And Marketing Expense": 7609000000.0,
          "General And Administrative Expense": 254000000.0,
          "Other Gand A": NaN,
          "Salaries And Wages": 254000000.0,
          "Gross Profit": 27234000000.0,
          "Cost Of Revenue": 18520000000.0,
          "Operating Revenue": 45754000000.0
        },
        "2022-12-31": {
          "Tax Effect Of Unusual Items": -205073000.0,
          "Tax Rate For Calcs": 0.181,
          "Normalized EBITDA": 14961000000.0,
          "Total Unusual Items": -1133000000.0,
          "Total Unusual Items Excluding Goodwill": -1133000000.0,
          "Net Income From Continuing Operation Net Minority Interest": 9542000000.0,
          "Reconciled Depreciation": 1260000000.0,
          "Reconciled Cost Of Revenue": 18000000000.0,
          "EBITDA": 13828000000.0,
          "EBIT": 12568000000.0,
          "Interest Income": 449000000.0,
          "Normalized Income": 10469927000.0,
          "Net Income From Continuing And Discontinued Operation": 9542000000.0,
          "Total Expenses": 30962000000.0,
          "Total Operating Income As Reported": 10909000000.0,
          "Diluted Average Shares": 4350000000.0,
          "Basic Average Shares": 4328000000.0,
          "Diluted EPS": 2.19,
          "Basic EPS": 2.2,
          "Diluted NI Availto Com Stockholders": 9542000000.0,
          "Net Income Common Stockholders": 9542000000.0,
          "Net Income": 9542000000.0,
          "Minority Interests": -29000000.0,
          "Net Income Including Noncontrolling Interests": 9571000000.0,
          "Net Income Continuous Operations": 9571000000.0,
          "Tax Provision": 2115000000.0,
          "Pretax Income": 11686000000.0,
          "Other Income Expense": 77000000.0,
          "Other Non Operating Income Expenses": -262000000.0,
          "Special Income Charges": -1133000000.0,
          "Gain On Sale Of Ppe": NaN,
          "Gain On Sale Of Business": NaN,
          "Other Special Charges": -219000000.0,
          "Write Off": 96000000.0,
          "Impairment Of Capital Assets": 57000000.0,
          "Restructuring And Mergern Acquisition": 1076000000.0,
          "Earnings From Equity Interest": 1472000000.0,
          "Gain On Sale Of Security": -496000000.0,
          "Net Non Operating Interest Income Expense": -433000000.0,
          "Interest Expense Non Operating": 882000000.0,
          "Interest Income Non Operating": 449000000.0,
          "Operating Income": 12042000000.0,
          "Operating Expense": 12962000000.0,
          "Other Operating Expenses": 82000000.0,
          "Depreciation Amortization Depletion Income Statement": NaN,
          "Depreciation And Amortization In Income Statement": NaN,
          "Amortization": NaN,
          "Amortization Of Intangibles Income Statement": NaN,
          "Selling General And Administration": 12880000000.0,
          "Selling And Marketing Expense": 7086000000.0,
          "General And Administrative Expense": 356000000.0,
          "Other Gand A": NaN,
          "Salaries And Wages": 356000000.0,
          "Gross Profit": 25004000000.0,
          "Cost Of Revenue": 18000000000.0,
          "Operating Revenue": 43004000000.0
        },
        "2021-12-31": {
          "Tax Effect Of Unusual Items": 234843000.0,
          "Tax Rate For Calcs": 0.211,
          "Normalized EBITDA": 14361000000.0,
          "Total Unusual Items": 1113000000.0,
          "Total Unusual Items Excluding Goodwill": 1113000000.0,
          "Net Income From Continuing Operation Net Minority Interest": 9771000000.0,
          "Reconciled Depreciation": 1452000000.0,
          "Reconciled Cost Of Revenue": 15357000000.0,
          "EBITDA": 15474000000.0,
          "EBIT": 14022000000.0,
          "Interest Income": 276000000.0,
          "Normalized Income": 8892843000.0,
          "Net Income From Continuing And Discontinued Operation": 9771000000.0,
          "Total Expenses": 27616000000.0,
          "Total Operating Income As Reported": 10308000000.0,
          "Diluted Average Shares": NaN,
          "Basic Average Shares": NaN,
          "Diluted EPS": NaN,
          "Basic EPS": NaN,
          "Diluted NI Availto Com Stockholders": 9771000000.0,
          "Net Income Common Stockholders": 9771000000.0,
          "Net Income": 9771000000.0,
          "Minority Interests": -33000000.0,
          "Net Income Including Noncontrolling Interests": 9804000000.0,
          "Net Income Continuous Operations": 9804000000.0,
          "Tax Provision": 2621000000.0,
          "Pretax Income": 12425000000.0,
          "Other Income Expense": 2707000000.0,
          "Other Non Operating Income Expenses": 156000000.0,
          "Special Income Charges": 646000000.0,
          "Gain On Sale Of Ppe": NaN,
          "Gain On Sale Of Business": 809000000.0,
          "Other Special Charges": 15000000.0,
          "Write Off": NaN,
          "Impairment Of Capital Assets": 78000000.0,
          "Restructuring And Mergern Acquisition": 70000000.0,
          "Earnings From Equity Interest": 1438000000.0,
          "Gain On Sale Of Security": 467000000.0,
          "Net Non Operating Interest Income Expense": -1321000000.0,
          "Interest Expense Non Operating": 1597000000.0,
          "Interest Income Non Operating": 276000000.0,
          "Operating Income": 11039000000.0,
          "Operating Expense": 12259000000.0,
          "Other Operating Expenses": 115000000.0,
          "Depreciation Amortization Depletion Income Statement": NaN,
          "Depreciation And Amortization In Income Statement": NaN,
          "Amortization": NaN,
          "Amortization Of Intangibles Income Statement": NaN,
          "Selling General And Administration": 12144000000.0,
          "Selling And Marketing Expense": 6672000000.0,
          "General And Administrative Expense": 337000000.0,
          "Other Gand A": 5135000000.0,
          "Salaries And Wages": 337000000.0,
          "Gross Profit": 23298000000.0,
          "Cost Of Revenue": 15357000000.0,
          "Operating Revenue": 38655000000.0
        }
      }
    },
    "finnhub": {
      "overview": {
        "name": "Coca-Cola Co",
        "currency": "USD",
        "marketCap": 338450588519.99994
      },
      "balancesheet": {},
      "cashflow": {},
      "incomestatement": {
        "2020-12-31 00:00:00": {
          "totalRevenue": 33014000000.0,
          "netIncome": null,
          "interestExpense": null,
          "netInterestIncome": null
        },
        "2019-12-31 00:00:00": {
          "totalRevenue": 37266000000.0,
          "netIncome": null,
          "interestExpense": null,
          "netInterestIncome": null
        },
        "2018-12-31 00:00:00": {
          "totalRevenue": 31856000000.0,
          "netIncome": null,
          "interestExpense": null,
          "netInterestIncome": null
        }
      }
    },
    "alphavantage": {
      "overview": {
        "name": "The Coca-Cola Company",
        "currency": "USD",
        "marketCap": 338450579000.0,
        "peRatio": 25.88
      },
      "balancesheet": {
        "2025-12-31": {
          "totalAssets": 104816000000.0,
          "totalLiabilities": 70541000000.0,
          "shareholderEquity": 32169000000.0
        },
        "2024-12-31": {
          "totalAssets": 100549000000.0,
          "totalLiabilities": 74177000000.0,
          "shareholderEquity": 24856000000.0
        },
        "2023-12-31": {
          "totalAssets": 97703000000.0,
          "totalLiabilities": 70223000000.0,
          "shareholderEquity": 25941000000.0
        },
        "2022-12-31": {
          "totalAssets": 92763000000.0,
          "totalLiabilities": 66937000000.0,
          "shareholderEquity": 24105000000.0
        },
        "2021-12-31": {
          "totalAssets": 94354000000.0,
          "totalLiabilities": 69494000000.0,
          "shareholderEquity": 22999000000.0
        },
        "2020-12-31": {
          "totalAssets": 87296000000.0,
          "totalLiabilities": 66012000000.0,
          "shareholderEquity": 19299000000.0
        },
        "2019-12-31": {
          "totalAssets": 86381000000.0,
          "totalLiabilities": 65283000000.0,
          "shareholderEquity": 18981000000.0
        },
        "2018-12-31": {
          "totalAssets": 83216000000.0,
          "totalLiabilities": 64158000000.0,
          "shareholderEquity": 16981000000.0
        },
        "2017-12-31": {
          "totalAssets": 87896000000.0,
          "totalLiabilities": 68919000000.0,
          "shareholderEquity": 17072000000.0
        },
        "2016-12-31": {
          "totalAssets": 87270000000.0,
          "totalLiabilities": 64050000000.0,
          "shareholderEquity": 23062000000.0
        },
        "2015-12-31": {
          "totalAssets": 89996000000.0,
          "totalLiabilities": 64232000000.0,
          "shareholderEquity": 25554000000.0
        },
        "2014-12-31": {
          "totalAssets": 92023000000.0,
          "totalLiabilities": 61462000000.0,
          "shareholderEquity": 30320000000.0
        },
        "2013-12-31": {
          "totalAssets": 90055000000.0,
          "totalLiabilities": 56615000000.0,
          "shareholderEquity": 33173000000.0
        },
        "2012-12-31": {
          "totalAssets": 86174000000.0,
          "totalLiabilities": 53006000000.0,
          "shareholderEquity": 32790000000.0
        },
        "2011-12-31": {
          "totalAssets": 79974000000.0,
          "totalLiabilities": 48053000000.0,
          "shareholderEquity": 31635000000.0
        },
        "2010-12-31": {
          "totalAssets": 72921000000.0,
          "totalLiabilities": 41604000000.0,
          "shareholderEquity": 31003000000.0
        },
        "2009-12-31": {
          "totalAssets": 48671000000.0,
          "totalLiabilities": 23325000000.0,
          "shareholderEquity": 24799000000.0
        },
        "2008-12-31": {
          "totalAssets": 40519000000.0,
          "totalLiabilities": 20047000000.0,
          "shareholderEquity": 20472000000.0
        },
        "2007-12-31": {
          "totalAssets": 43269000000.0,
          "totalLiabilities": 21525000000.0,
          "shareholderEquity": 21744000000.0
        },
        "2006-12-31": {
          "totalAssets": 29963000000.0,
          "totalLiabilities": 13043000000.0,
          "shareholderEquity": 16920000000.0
        }
      },
      "cashflow": {
        "2025-12-31": {
          "operatingCashFlow": 7408000000.0,
          "capitalExpenditures": 2112000000.0,
          "freeCashFlow": null
        },
        "2024-12-31": {
          "operatingCashFlow": 6805000000.0,
          "capitalExpenditures": 2064000000.0,
          "freeCashFlow": null
        },
        "2023-12-31": {
          "operatingCashFlow": 11599000000.0,
          "capitalExpenditures": 1852000000.0,
          "freeCashFlow": null
        },
        "2022-12-31": {
          "operatingCashFlow": 11018000000.0,
          "capitalExpenditures": 1484000000.0,
          "freeCashFlow": null
        },
        "2021-12-31": {
          "operatingCashFlow": 12625000000.0,
          "capitalExpenditures": 1367000000.0,
          "freeCashFlow": null
        },
        "2020-12-31": {
          "operatingCashFlow": 9844000000.0,
          "capitalExpenditures": 1177000000.0,
          "freeCashFlow": null
        },
        "2019-12-31": {
          "operatingCashFlow": 10471000000.0,
          "capitalExpenditures": 2054000000.0,
          "freeCashFlow": null
        },
        "2018-12-31": {
          "operatingCashFlow": 7627000000.0,
          "capitalExpenditures": 1548000000.0,
          "freeCashFlow": null
        },
        "2017-12-31": {
          "operatingCashFlow": 7106000000.0,
          "capitalExpenditures": 1675000000.0,
          "freeCashFlow": null
        },
        "2016-12-31": {
          "operatingCashFlow": 8796000000.0,
          "capitalExpenditures": 2262000000.0,
          "freeCashFlow": null
        },
        "2015-12-31": {
          "operatingCashFlow": 10528000000.0,
          "capitalExpenditures": 2553000000.0,
          "freeCashFlow": null
        },
        "2014-12-31": {
          "operatingCashFlow": 10615000000.0,
          "capitalExpenditures": 2406000000.0,
          "freeCashFlow": null
        },
        "2013-12-31": {
          "operatingCashFlow": 10542000000.0,
          "capitalExpenditures": 2550000000.0,
          "freeCashFlow": null
        },
        "2012-12-31": {
          "operatingCashFlow": 10645000000.0,
          "capitalExpenditures": 2780000000.0,
          "freeCashFlow": null
        },
        "2011-12-31": {
          "operatingCashFlow": 9474000000.0,
          "capitalExpenditures": 2920000000.0,
          "freeCashFlow": null
        },
        "2010-12-31": {
          "operatingCashFlow": 9532000000.0,
          "capitalExpenditures": 2215000000.0,
          "freeCashFlow": null
        },
        "2009-12-31": {
          "operatingCashFlow": 8186000000.0,
          "capitalExpenditures": 1993000000.0,
          "freeCashFlow": null
        },
        "2008-12-31": {
          "operatingCashFlow": 7571000000.0,
          "capitalExpenditures": 1968000000.0,
          "freeCashFlow": null
        },
        "2007-12-31": {
          "operatingCashFlow": 7150000000.0,
          "capitalExpenditures": 1648000000.0,
          "freeCashFlow": null
        },
        "2006-12-31": {
          "operatingCashFlow": 5957000000.0,
          "capitalExpenditures": 1407000000.0,
          "freeCashFlow": null
        }
      },
      "incomestatement": {
        "2025-12-31": {
          "totalRevenue": 47941000000.0,
          "netIncome": 13107000000.0,
          "eps": null,
          "interestExpense": 1654000000.0,
          "netInterestIncome": null
        },
        "2024-12-31": {
          "totalRevenue": 47061000000.0,
          "netIncome": 10631000000.0,
          "eps": null,
          "interestExpense": 1656000000.0,
          "netInterestIncome": -668000000.0
        },
        "2023-12-31": {
          "totalRevenue": 45754000000.0,
          "netIncome": 10714000000.0,
          "eps": null,
          "interestExpense": 1527000000.0,
          "netInterestIncome": -635000000.0
        },
        "2022-12-31": {
          "totalRevenue": 43004000000.0,
          "netIncome": 9542000000.0,
          "eps": null,
          "interestExpense": 882000000.0,
          "netInterestIncome": -433000000.0
        },
        "2021-12-31": {
          "totalRevenue": 38655000000.0,
          "netIncome": 9771000000.0,
          "eps": null,
          "interestExpense": 1597000000.0,
          "netInterestIncome": -1321000000.0
        },
        "2020-12-31": {
          "totalRevenue": 33014000000.0,
          "netIncome": 7747000000.0,
          "eps": null,
          "interestExpense": 1437000000.0,
          "netInterestIncome": -1067000000.0
        },
        "2019-12-31": {
          "totalRevenue": 37266000000.0,
          "netIncome": 8920000000.0,
          "eps": null,
          "interestExpense": 946000000.0,
          "netInterestIncome": -383000000.0
        },
        "2018-12-31": {
          "totalRevenue": 34300000000.0,
          "netIncome": 6434000000.0,
          "eps": null,
          "interestExpense": 950000000.0,
          "netInterestIncome": -237000000.0
        },
        "2017-12-31": {
          "totalRevenue": 36212000000.0,
          "netIncome": 1248000000.0,
          "eps": null,
          "interestExpense": 853000000.0,
          "netInterestIncome": -164000000.0
        },
        "2016-12-31": {
          "totalRevenue": 41863000000.0,
          "netIncome": 6527000000.0,
          "eps": null,
          "interestExpense": 733000000.0,
          "netInterestIncome": -91000000.0
        },
        "2015-12-31": {
          "totalRevenue": 44294000000.0,
          "netIncome": 7351000000.0,
          "eps": null,
          "interestExpense": 856000000.0,
          "netInterestIncome": null
        },
        "2014-12-31": {
          "totalRevenue": 45998000000.0,
          "netIncome": 7098000000.0,
          "eps": null,
          "interestExpense": 483000000.0,
          "netInterestIncome": null
        },
        "2013-12-31": {
          "totalRevenue": 46854000000.0,
          "netIncome": 8584000000.0,
          "eps": null,
          "interestExpense": 463000000.0,
          "netInterestIncome": null
        },
        "2012-12-31": {
          "totalRevenue": 48017000000.0,
          "netIncome": 9019000000.0,
          "eps": null,
          "interestExpense": 397000000.0,
          "netInterestIncome": null
        },
        "2011-12-31": {
          "totalRevenue": 46542000000.0,
          "netIncome": 8584000000.0,
          "eps": null,
          "interestExpense": 417000000.0,
          "netInterestIncome": null
        },
        "2010-12-31": {
          "totalRevenue": 35119000000.0,
          "netIncome": 11787000000.0,
          "eps": null,
          "interestExpense": 733000000.0,
          "netInterestIncome": null
        },
        "2009-12-31": {
          "totalRevenue": 30990000000.0,
          "netIncome": 6824000000.0,
          "eps": null,
          "interestExpense": 355000000.0,
          "netInterestIncome": null
        },
        "2008-12-31": {
          "totalRevenue": 31944000000.0,
          "netIncome": 5807000000.0,
          "eps": null,
          "interestExpense": 438000000.0,
          "netInterestIncome": null
        },
        "2007-12-31": {
          "totalRevenue": 28857000000.0,
          "netIncome": 5981000000.0,
          "eps": null,
          "interestExpense": 456000000.0,
          "netInterestIncome": null
        },
        "2006-12-31": {
          "totalRevenue": 24088000000.0,
          "netIncome": 5080000000.0,
          "eps": null,
          "interestExpense": 0.0,
          "netInterestIncome": null
        }
      }
    }
  },
  "timestamp": "2026-02-17T08:57:54.302182+00:00"
}