{
  "symbol": "GOOGL",
  "chosen_source": "alphavantage",
  "years_found": 20,
  "available_years": [
    "2005",
    "2006",
    "2007",
    "2008",
    "2009",
    "2010",
    "2011",
    "2012",
    "2013",
    "2014",
    "2015",
    "2016",
    "2017",
    "2018",
    "2019",
    "2020",
    "2021",
    "2022",
    "2023",
    "2024"
  ],
  "all_scores": {
    "yfinance": 4,
    "finnhub": 9,
    "alphavantage": 20
  },
  "final_payload": {
    "overview": {
      "name": "Alphabet Inc Class A",
      "currency": "USD",
      "marketCap": 3997000270000.0,
      "peRatio": 32.58
    },
    "balancesheet": {
      "2024-12-31": {
        "totalAssets": 450256000000.0,
        "totalLiabilities": 125172000000.0,
        "shareholderEquity": 325084000000.0
      },
      "2023-12-31": {
        "totalAssets": 402392000000.0,
        "totalLiabilities": 119013000000.0,
        "shareholderEquity": 283379000000.0
      },
      "2022-12-31": {
        "totalAssets": 365264000000.0,
        "totalLiabilities": 109120000000.0,
        "shareholderEquity": 256144000000.0
      },
      "2021-12-31": {
        "totalAssets": 359268000000.0,
        "totalLiabilities": 107633000000.0,
        "shareholderEquity": 251635000000.0
      },
      "2020-12-31": {
        "totalAssets": 319616000000.0,
        "totalLiabilities": 97072000000.0,
        "shareholderEquity": 222544000000.0
      },
      "2019-12-31": {
        "totalAssets": 275909000000.0,
        "totalLiabilities": 74467000000.0,
        "shareholderEquity": 201442000000.0
      },
      "2018-12-31": {
        "totalAssets": 232792000000.0,
        "totalLiabilities": 55164000000.0,
        "shareholderEquity": 177628000000.0
      },
      "2017-12-31": {
        "totalAssets": 197295000000.0,
        "totalLiabilities": 44793000000.0,
        "shareholderEquity": 152502000000.0
      },
      "2016-12-31": {
        "totalAssets": 167497000000.0,
        "totalLiabilities": 28461000000.0,
        "shareholderEquity": 139036000000.0
      },
      "2015-12-31": {
        "totalAssets": 147461000000.0,
        "totalLiabilities": 27130000000.0,
        "shareholderEquity": 120331000000.0
      },
      "2014-12-31": {
        "totalAssets": 131133000000.0,
        "totalLiabilities": 26633000000.0,
        "shareholderEquity": 104500000000.0
      },
      "2013-12-31": {
        "totalAssets": 110920000000.0,
        "totalLiabilities": 23611000000.0,
        "shareholderEquity": 87309000000.0
      },
      "2012-12-31": {
        "totalAssets": 93798000000.0,
        "totalLiabilities": 22083000000.0,
        "shareholderEquity": 71715000000.0
      },
      "2011-12-31": {
        "totalAssets": 72574000000.0,
        "totalLiabilities": 14429000000.0,
        "shareholderEquity": 58145000000.0
      },
      "2010-12-31": {
        "totalAssets": 57851000000.0,
        "totalLiabilities": 11610000000.0,
        "shareholderEquity": 46241000000.0
      },
      "2009-12-31": {
        "totalAssets": 40496778000.0,
        "totalLiabilities": 4492554000.0,
        "shareholderEquity": 36004224000.0
      },
      "2008-12-31": {
        "totalAssets": 31767575000.0,
        "totalLiabilities": 3528713000.0,
        "shareholderEquity": 28238862000.0
      },
      "2007-12-31": {
        "totalAssets": 25335806000.0,
        "totalLiabilities": 2646127000.0,
        "shareholderEquity": 22689679000.0
      },
      "2006-12-31": {
        "totalAssets": 18473351000.0,
        "totalLiabilities": 1433511000.0,
        "shareholderEquity": 17039840000.0
      },
      "2005-12-31": {
        "totalAssets": 10271813000.0,
        "totalLiabilities": 852856000.0,
        "shareholderEquity": 9418957000.0
      }
    },
    "cashflow": {
      "2024-12-31": {
        "operatingCashFlow": 125299000000.0,
        "capitalExpenditures": 52535000000.0,
        "freeCashFlow": null
      },
      "2023-12-31": {
        "operatingCashFlow": 101746000000.0,
        "capitalExpenditures": 32251000000.0,
        "freeCashFlow": null
      },
      "2022-12-31": {
        "operatingCashFlow": 91495000000.0,
        "capitalExpenditures": 31485000000.0,
        "freeCashFlow": null
      },
      "2021-12-31": {
        "operatingCashFlow": 91652000000.0,
        "capitalExpenditures": 24640000000.0,
        "freeCashFlow": null
      },
      "2020-12-31": {
        "operatingCashFlow": 65124000000.0,
        "capitalExpenditures": 22281000000.0,
        "freeCashFlow": null
      },
      "2019-12-31": {
        "operatingCashFlow": 54520000000.0,
        "capitalExpenditures": 23548000000.0,
        "freeCashFlow": null
      },
      "2018-12-31": {
        "operatingCashFlow": 47971000000.0,
        "capitalExpenditures": 25139000000.0,
        "freeCashFlow": null
      },
      "2017-12-31": {
        "operatingCashFlow": 37091000000.0,
        "capitalExpenditures": 13184000000.0,
        "freeCashFlow": null
      },
      "2016-12-31": {
        "operatingCashFlow": 36036000000.0,
        "capitalExpenditures": 10212000000.0,
        "freeCashFlow": null
      },
      "2015-12-31": {
        "operatingCashFlow": 26024000000.0,
        "capitalExpenditures": 9915000000.0,
        "freeCashFlow": null
      },
      "2014-12-31": {
        "operatingCashFlow": 22376000000.0,
        "capitalExpenditures": 10959000000.0,
        "freeCashFlow": null
      },
      "2013-12-31": {
        "operatingCashFlow": 18659000000.0,
        "capitalExpenditures": 7358000000.0,
        "freeCashFlow": null
      },
      "2012-12-31": {
        "operatingCashFlow": 16619000000.0,
        "capitalExpenditures": 3273000000.0,
        "freeCashFlow": null
      },
      "2011-12-31": {
        "operatingCashFlow": 14565000000.0,
        "capitalExpenditures": 3438000000.0,
        "freeCashFlow": null
      },
      "2010-12-31": {
        "operatingCashFlow": 11081000000.0,
        "capitalExpenditures": 4018000000.0,
        "freeCashFlow": null
      },
      "2009-12-31": {
        "operatingCashFlow": 9316198000.0,
        "capitalExpenditures": 809888000.0,
        "freeCashFlow": null
      },
      "2008-12-31": {
        "operatingCashFlow": 7852857000.0,
        "capitalExpenditures": 2358461000.0,
        "freeCashFlow": null
      },
      "2007-12-31": {
        "operatingCashFlow": 5775410000.0,
        "capitalExpenditures": 2402840000.0,
        "freeCashFlow": null
      },
      "2006-12-31": {
        "operatingCashFlow": 3580508000.0,
        "capitalExpenditures": 1902798000.0,
        "freeCashFlow": null
      },
      "2005-12-31": {
        "operatingCashFlow": 2459422000.0,
        "capitalExpenditures": 838217000.0,
        "freeCashFlow": null
      }
    },
    "incomestatement": {
      "2024-12-31": {
        "totalRevenue": 350018000000.0,
        "netIncome": 100118000000.0,
        "eps": null,
        "interestExpense": 268000000.0,
        "netInterestIncome": 4214000000.0
      },
      "2023-12-31": {
        "totalRevenue": 307394000000.0,
        "netIncome": 73795000000.0,
        "eps": null,
        "interestExpense": 308000000.0,
        "netInterestIncome": 3085000000.0
      },
      "2022-12-31": {
        "totalRevenue": 282836000000.0,
        "netIncome": 59972000000.0,
        "eps": null,
        "interestExpense": 357000000.0,
        "netInterestIncome": 1817000000.0
      },
      "2021-12-31": {
        "totalRevenue": 257637000000.0,
        "netIncome": 76033000000.0,
        "eps": null,
        "interestExpense": 346000000.0,
        "netInterestIncome": 1153000000.0
      },
      "2020-12-31": {
        "totalRevenue": 182527000000.0,
        "netIncome": 40269000000.0,
        "eps": null,
        "interestExpense": 135000000.0,
        "netInterestIncome": 1730000000.0
      },
      "2019-12-31": {
        "totalRevenue": 161857000000.0,
        "netIncome": 34343000000.0,
        "eps": null,
        "interestExpense": 100000000.0,
        "netInterestIncome": 2327000000.0
      },
      "2018-12-31": {
        "totalRevenue": 136819000000.0,
        "netIncome": 30736000000.0,
        "eps": null,
        "interestExpense": 114000000.0,
        "netInterestIncome": 1764000000.0
      },
      "2017-12-31": {
        "totalRevenue": 110855000000.0,
        "netIncome": 12662000000.0,
        "eps": null,
        "interestExpense": 109000000.0,
        "netInterestIncome": 1203000000.0
      },
      "2016-12-31": {
        "totalRevenue": 90272000000.0,
        "netIncome": 19478000000.0,
        "eps": null,
        "interestExpense": 124000000.0,
        "netInterestIncome": 1096000000.0
      },
      "2015-12-31": {
        "totalRevenue": 74989000000.0,
        "netIncome": 16348000000.0,
        "eps": null,
        "interestExpense": 104000000.0,
        "netInterestIncome": null
      },
      "2014-12-31": {
        "totalRevenue": 66001000000.0,
        "netIncome": 14136000000.0,
        "eps": null,
        "interestExpense": 101000000.0,
        "netInterestIncome": null
      },
      "2013-12-31": {
        "totalRevenue": 55519000000.0,
        "netIncome": 12733000000.0,
        "eps": null,
        "interestExpense": 81000000.0,
        "netInterestIncome": null
      },
      "2012-12-31": {
        "totalRevenue": 46039000000.0,
        "netIncome": 10737000000.0,
        "eps": null,
        "interestExpense": 85000000.0,
        "netInterestIncome": null
      },
      "2011-12-31": {
        "totalRevenue": 37905000000.0,
        "netIncome": 9737000000.0,
        "eps": null,
        "interestExpense": 58000000.0,
        "netInterestIncome": null
      },
      "2010-12-31": {
        "totalRevenue": 29321000000.0,
        "netIncome": 8505000000.0,
        "eps": null,
        "interestExpense": 5000000.0,
        "netInterestIncome": null
      },
      "2009-12-31": {
        "totalRevenue": 23651000000.0,
        "netIncome": 6520000000.0,
        "eps": null,
        "interestExpense": 229673000.0,
        "netInterestIncome": null
      },
      "2008-12-31": {
        "totalRevenue": 21796000000.0,
        "netIncome": 4227000000.0,
        "eps": null,
        "interestExpense": 389533000.0,
        "netInterestIncome": null
      },
      "2007-12-31": {
        "totalRevenue": 16593986000.0,
        "netIncome": 4203720000.0,
        "eps": null,
        "interestExpense": 1203000.0,
        "netInterestIncome": null
      },
      "2006-12-31": {
        "totalRevenue": 10604917000.0,
        "netIncome": 3077446000.0,
        "eps": null,
        "interestExpense": 0.0,
        "netInterestIncome": null
      },
      "2005-12-31": {
        "totalRevenue": 6138560000.0,
        "netIncome": 1465397000.0,
        "eps": null,
        "interestExpense": 776000.0,
        "netInterestIncome": null
      }
    }
  },
  "raw": {
    "yfinance": {
      "overview": {
        "marketCap": 3997000269824.0,
        "sharesOutstanding": 5818000000.0,
        "peRatio": 32.576504,
        "currency": "USD",
        "name": "Alphabet Inc.",
        "sector": "Communication Services",
        "industry": "Internet Content & Information"
      },
      "balancesheet": {
        "2024-12-31": {
          "Treasury Shares Number": NaN,
          "Ordinary Shares Number": 12211000000.0,
          "Share Issued": 12211000000.0,
          "Total Debt": 25461000000.0,
          "Tangible Book Value": 293199000000.0,
          "Invested Capital": 335967000000.0,
          "Working Capital": 74589000000.0,
          "Net Tangible Assets": 293199000000.0,
          "Capital Lease Obligations": 14578000000.0,
          "Common Stock Equity": 325084000000.0,
          "Total Capitalization": 335967000000.0,
          "Total Equity Gross Minority Interest": 325084000000.0,
          "Stockholders Equity": 325084000000.0,
          "Gains Losses Not Affecting Retained Earnings": -4800000000.0,
          "Other Equity Adjustments": -4800000000.0,
          "Retained Earnings": 245084000000.0,
          "Capital Stock": 84800000000.0,
          "Common Stock": 84800000000.0,
          "Preferred Stock": 0.0,
          "Total Liabilities Net Minority Interest": 125172000000.0,
          "Total Non Current Liabilities Net Minority Interest": 36050000000.0,
          "Other Non Current Liabilities": 4694000000.0,
          "Tradeand Other Payables Non Current": 8782000000.0,
          "Non Current Deferred Liabilities": NaN,
          "Non Current Deferred Revenue": NaN,
          "Non Current Deferred Taxes Liabilities": NaN,
          "Long Term Debt And Capital Lease Obligation": 22574000000.0,
          "Long Term Capital Lease Obligation": 11691000000.0,
          "Long Term Debt": 10883000000.0,
          "Current Liabilities": 89122000000.0,
          "Other Current Liabilities": 6322000000.0,
          "Current Deferred Liabilities": 5036000000.0,
          "Current Deferred Revenue": 5036000000.0,
          "Current Debt And Capital Lease Obligation": 2887000000.0,
          "Current Capital Lease Obligation": 2887000000.0,
          "Pensionand Other Post Retirement Benefit Plans Current": 15069000000.0,
          "Payables And Accrued Expenses": 59808000000.0,
          "Current Accrued Expenses": 48916000000.0,
          "Payables": 10892000000.0,
          "Other Payable": NaN,
          "Total Tax Payable": 2905000000.0,
          "Income Tax Payable": 2905000000.0,
          "Accounts Payable": 7987000000.0,
          "Total Assets": 450256000000.0,
          "Total Non Current Assets": 286545000000.0,
          "Other Non Current Assets": 14874000000.0,
          "Non Current Deferred Assets": 17180000000.0,
          "Non Current Deferred Taxes Assets": 17180000000.0,
          "Investments And Advances": 37982000000.0,
          "Investmentin Financial Assets": 37982000000.0,
          "Available For Sale Securities": 37982000000.0,
          "Goodwill And Other Intangible Assets": 31885000000.0,
          "Other Intangible Assets": NaN,
          "Goodwill": 31885000000.0,
          "Net PPE": 184624000000.0,
          "Accumulated Depreciation": -79390000000.0,
          "Gross PPE": 264014000000.0,
          "Leases": NaN,
          "Construction In Progress": NaN,
          "Other Properties": 220300000000.0,
          "Machinery Furniture Equipment": NaN,
          "Buildings And Improvements": 43714000000.0,
          "Land And Improvements": NaN,
          "Properties": 0.0,
          "Current Assets": 163711000000.0,
          "Other Current Assets": 15714000000.0,
          "Inventory": NaN,
          "Receivables": 52340000000.0,
          "Taxes Receivable": NaN,
          "Accounts Receivable": 52340000000.0,
          "Allowance For Doubtful Accounts Receivable": -879000000.0,
          "Gross Accounts Receivable": 53219000000.0,
          "Cash Cash Equivalents And Short Term Investments": 95657000000.0,
          "Other Short Term Investments": 72191000000.0,
          "Cash And Cash Equivalents": 23466000000.0
        },
        "2023-12-31": {
          "Treasury Shares Number": 0.0,
          "Ordinary Shares Number": 12460000000.0,
          "Share Issued": 12460000000.0,
          "Total Debt": 27121000000.0,
          "Tangible Book Value": 254181000000.0,
          "Invested Capital": 295249000000.0,
          "Working Capital": 89716000000.0,
          "Net Tangible Assets": 254181000000.0,
          "Capital Lease Obligations": 15251000000.0,
          "Common Stock Equity": 283379000000.0,
          "Total Capitalization": 295249000000.0,
          "Total Equity Gross Minority Interest": 283379000000.0,
          "Stockholders Equity": 283379000000.0,
          "Gains Losses Not Affecting Retained Earnings": -4402000000.0,
          "Other Equity Adjustments": -4402000000.0,
          "Retained Earnings": 211247000000.0,
          "Capital Stock": 76534000000.0,
          "Common Stock": 76534000000.0,
          "Preferred Stock": 0.0,
          "Total Liabilities Net Minority Interest": 119013000000.0,
          "Total Non Current Liabilities Net Minority Interest": 37199000000.0,
          "Other Non Current Liabilities": 4395000000.0,
          "Tradeand Other Payables Non Current": 8474000000.0,
          "Non Current Deferred Liabilities": 1396000000.0,
          "Non Current Deferred Revenue": 911000000.0,
          "Non Current Deferred Taxes Liabilities": 485000000.0,
          "Long Term Debt And Capital Lease Obligation": 24330000000.0,
          "Long Term Capital Lease Obligation": 12460000000.0,
          "Long Term Debt": 11870000000.0,
          "Current Liabilities": 81814000000.0,
          "Other Current Liabilities": 9525000000.0,
          "Current Deferred Liabilities": 4137000000.0,
          "Current Deferred Revenue": 4137000000.0,
          "Current Debt And Capital Lease Obligation": 2791000000.0,
          "Current Capital Lease Obligation": 2791000000.0,
          "Pensionand Other Post Retirement Benefit Plans Current": 15140000000.0,
          "Payables And Accrued Expenses": 50221000000.0,
          "Current Accrued Expenses": 39980000000.0,
          "Payables": 10241000000.0,
          "Other Payable": NaN,
          "Total Tax Payable": 2748000000.0,
          "Income Tax Payable": 2748000000.0,
          "Accounts Payable": 7493000000.0,
          "Total Assets": 402392000000.0,
          "Total Non Current Assets": 230862000000.0,
          "Other Non Current Assets": 10051000000.0,
          "Non Current Deferred Assets": 12169000000.0,
          "Non Current Deferred Taxes Assets": 12169000000.0,
          "Investments And Advances": 31008000000.0,
          "Investmentin Financial Assets": 31008000000.0,
          "Available For Sale Securities": 31008000000.0,
          "Goodwill And Other Intangible Assets": 29198000000.0,
          "Other Intangible Assets": NaN,
          "Goodwill": 29198000000.0,
          "Net PPE": 148436000000.0,
          "Accumulated Depreciation": -67458000000.0,
          "Gross PPE": 215894000000.0,
          "Leases": 11425000000.0,
          "Construction In Progress": 35229000000.0,
          "Other Properties": 175459000000.0,
          "Machinery Furniture Equipment": 472000000.0,
          "Buildings And Improvements": 40435000000.0,
          "Land And Improvements": 74083000000.0,
          "Properties": 0.0,
          "Current Assets": 171530000000.0,
          "Other Current Assets": 12650000000.0,
          "Inventory": NaN,
          "Receivables": 47964000000.0,
          "Taxes Receivable": NaN,
          "Accounts Receivable": 47964000000.0,
          "Allowance For Doubtful Accounts Receivable": -771000000.0,
          "Gross Accounts Receivable": 48735000000.0,
          "Cash Cash Equivalents And Short Term Investments": 110916000000.0,
          "Other Short Term Investments": 86868000000.0,
          "Cash And Cash Equivalents": 24048000000.0
        },
        "2022-12-31": {
          "Treasury Shares Number": NaN,
          "Ordinary Shares Number": 12849000000.0,
          "Share Issued": 12849000000.0,
          "Total Debt": 29679000000.0,
          "Tangible Book Value": 227184000000.0,
          "Invested Capital": 269001000000.0,
          "Working Capital": 95495000000.0,
          "Net Tangible Assets": 227184000000.0,
          "Capital Lease Obligations": 16822000000.0,
          "Common Stock Equity": 256144000000.0,
          "Total Capitalization": 269001000000.0,
          "Total Equity Gross Minority Interest": 256144000000.0,
          "Stockholders Equity": 256144000000.0,
          "Gains Losses Not Affecting Retained Earnings": -7603000000.0,
          "Other Equity Adjustments": -7603000000.0,
          "Retained Earnings": 195563000000.0,
          "Capital Stock": 68184000000.0,
          "Common Stock": 68184000000.0,
          "Preferred Stock": 0.0,
          "Total Liabilities Net Minority Interest": 109120000000.0,
          "Total Non Current Liabilities Net Minority Interest": 39820000000.0,
          "Other Non Current Liabilities": 2247000000.0,
          "Tradeand Other Payables Non Current": 9258000000.0,
          "Non Current Deferred Liabilities": 1113000000.0,
          "Non Current Deferred Revenue": 599000000.0,
          "Non Current Deferred Taxes Liabilities": 514000000.0,
          "Long Term Debt And Capital Lease Obligation": 27202000000.0,
          "Long Term Capital Lease Obligation": 14345000000.0,
          "Long Term Debt": 12857000000.0,
          "Current Liabilities": 69300000000.0,
          "Other Current Liabilities": 9106000000.0,
          "Current Deferred Liabilities": 3908000000.0,
          "Current Deferred Revenue": 3908000000.0,
          "Current Debt And Capital Lease Obligation": 2477000000.0,
          "Current Capital Lease Obligation": 2477000000.0,
          "Pensionand Other Post Retirement Benefit Plans Current": 14028000000.0,
          "Payables And Accrued Expenses": 39781000000.0,
          "Current Accrued Expenses": 33021000000.0,
          "Payables": 6760000000.0,
          "Other Payable": NaN,
          "Total Tax Payable": 1632000000.0,
          "Income Tax Payable": 1632000000.0,
          "Accounts Payable": 5128000000.0,
          "Total Assets": 365264000000.0,
          "Total Non Current Assets": 200469000000.0,
          "Other Non Current Assets": 8707000000.0,
          "Non Current Deferred Assets": 5261000000.0,
          "Non Current Deferred Taxes Assets": 5261000000.0,
          "Investments And Advances": 30492000000.0,
          "Investmentin Financial Assets": 30492000000.0,
          "Available For Sale Securities": 30492000000.0,
          "Goodwill And Other Intangible Assets": 28960000000.0,
          "Other Intangible Assets": 2084000000.0,
          "Goodwill": 28960000000.0,
          "Net PPE": 127049000000.0,
          "Accumulated Depreciation": -59042000000.0,
          "Gross PPE": 186091000000.0,
          "Leases": 10575000000.0,
          "Construction In Progress": 27657000000.0,
          "Other Properties": 80648000000.0,
          "Machinery Furniture Equipment": 314000000.0,
          "Buildings And Improvements": NaN,
          "Land And Improvements": 66897000000.0,
          "Properties": 0.0,
          "Current Assets": 164795000000.0,
          "Other Current Assets": 10775000000.0,
          "Inventory": 2670000000.0,
          "Receivables": 40258000000.0,
          "Taxes Receivable": NaN,
          "Accounts Receivable": 40258000000.0,
          "Allowance For Doubtful Accounts Receivable": -754000000.0,
          "Gross Accounts Receivable": 41012000000.0,
          "Cash Cash Equivalents And Short Term Investments": 113762000000.0,
          "Other Short Term Investments": 91883000000.0,
          "Cash And Cash Equivalents": 21879000000.0
        },
        "2021-12-31": {
          "Treasury Shares Number": NaN,
          "Ordinary Shares Number": 13242420000.0,
          "Share Issued": 13242420000.0,
          "Total Debt": 28395000000.0,
          "Tangible Book Value": 227262000000.0,
          "Invested Capital": 264479000000.0,
          "Working Capital": 123889000000.0,
          "Net Tangible Assets": 227262000000.0,
          "Capital Lease Obligations": 15551000000.0,
          "Common Stock Equity": 251635000000.0,
          "Total Capitalization": 264479000000.0,
          "Total Equity Gross Minority Interest": 251635000000.0,
          "Stockholders Equity": 251635000000.0,
          "Gains Losses Not Affecting Retained Earnings": -1623000000.0,
          "Other Equity Adjustments": -1623000000.0,
          "Retained Earnings": 191484000000.0,
          "Capital Stock": 61774000000.0,
          "Common Stock": 61774000000.0,
          "Preferred Stock": 0.0,
          "Total Liabilities Net Minority Interest": 107633000000.0,
          "Total Non Current Liabilities Net Minority Interest": 43379000000.0,
          "Other Non Current Liabilities": 2205000000.0,
          "Tradeand Other Payables Non Current": 9176000000.0,
          "Non Current Deferred Liabilities": 5792000000.0,
          "Non Current Deferred Revenue": 535000000.0,
          "Non Current Deferred Taxes Liabilities": 5257000000.0,
          "Long Term Debt And Capital Lease Obligation": 26206000000.0,
          "Long Term Capital Lease Obligation": 13362000000.0,
          "Long Term Debt": 12844000000.0,
          "Current Liabilities": 64254000000.0,
          "Other Current Liabilities": 9799000000.0,
          "Current Deferred Liabilities": 3288000000.0,
          "Current Deferred Revenue": 3288000000.0,
          "Current Debt And Capital Lease Obligation": 2189000000.0,
          "Current Capital Lease Obligation": 2189000000.0,
          "Pensionand Other Post Retirement Benefit Plans Current": 13889000000.0,
          "Payables And Accrued Expenses": 35089000000.0,
          "Current Accrued Expenses": 29052000000.0,
          "Payables": 6037000000.0,
          "Other Payable": 397000000.0,
          "Total Tax Payable": 808000000.0,
          "Income Tax Payable": 808000000.0,
          "Accounts Payable": 6037000000.0,
          "Total Assets": 359268000000.0,
          "Total Non Current Assets": 171125000000.0,
          "Other Non Current Assets": 5361000000.0,
          "Non Current Deferred Assets": 1284000000.0,
          "Non Current Deferred Taxes Assets": 1284000000.0,
          "Investments And Advances": 29549000000.0,
          "Investmentin Financial Assets": 29549000000.0,
          "Available For Sale Securities": 29549000000.0,
          "Goodwill And Other Intangible Assets": 24373000000.0,
          "Other Intangible Assets": 1417000000.0,
          "Goodwill": 22956000000.0,
          "Net PPE": 110558000000.0,
          "Accumulated Depreciation": -49414000000.0,
          "Gross PPE": 159972000000.0,
          "Leases": 9146000000.0,
          "Construction In Progress": 23172000000.0,
          "Other Properties": 68565000000.0,
          "Machinery Furniture Equipment": 208000000.0,
          "Buildings And Improvements": NaN,
          "Land And Improvements": 58881000000.0,
          "Properties": 0.0,
          "Current Assets": 188143000000.0,
          "Other Current Assets": 8020000000.0,
          "Inventory": 1170000000.0,
          "Receivables": 39304000000.0,
          "Taxes Receivable": 966000000.0,
          "Accounts Receivable": 39304000000.0,
          "Allowance For Doubtful Accounts Receivable": -550000000.0,
          "Gross Accounts Receivable": 39854000000.0,
          "Cash Cash Equivalents And Short Term Investments": 139649000000.0,
          "Other Short Term Investments": 118704000000.0,
          "Cash And Cash Equivalents": 20945000000.0
        }
      },
      "cashflow": {
        "2024-12-31": {
          "Free Cash Flow": 72764000000.0,
          "Repurchase Of Capital Stock": -62222000000.0,
          "Repayment Of Debt": -12701000000.0,
          "Issuance Of Debt": 13589000000.0,
          "Capital Expenditure": -52535000000.0,
          "Income Tax Paid Supplemental Data": NaN,
          "End Cash Position": 23466000000.0,
          "Beginning Cash Position": 24048000000.0,
          "Effect Of Exchange Rate Changes": -612000000.0,
          "Changes In Cash": 30000000.0,
          "Financing Cash Flow": -79733000000.0,
          "Cash Flow From Continuing Financing Activities": -79733000000.0,
          "Net Other Financing Charges": 1154000000.0,
          "Proceeds From Stock Option Exercised": -12190000000.0,
          "Cash Dividends Paid": -7363000000.0,
          "Common Stock Dividend Paid": -7363000000.0,
          "Net Common Stock Issuance": -62222000000.0,
          "Common Stock Payments": -62222000000.0,
          "Net Issuance Payments Of Debt": 888000000.0,
          "Net Long Term Debt Issuance": 888000000.0,
          "Long Term Debt Payments": -12701000000.0,
          "Long Term Debt Issuance": 13589000000.0,
          "Investing Cash Flow": -45536000000.0,
          "Cash Flow From Continuing Investing Activities": -45536000000.0,
          "Net Other Investing Changes": -2667000000.0,
          "Net Investment Purchase And Sale": 12597000000.0,
          "Sale Of Investment": 104310000000.0,
          "Purchase Of Investment": -91713000000.0,
          "Net Business Purchase And Sale": -2931000000.0,
          "Purchase Of Business": -2931000000.0,
          "Net PPE Purchase And Sale": -52535000000.0,
          "Purchase Of PPE": -52535000000.0,
          "Operating Cash Flow": 125299000000.0,
          "Cash Flow From Continuing Operating Activities": 125299000000.0,
          "Change In Working Capital": -8406000000.0,
          "Change In Other Working Capital": -1375000000.0,
          "Change In Other Current Assets": -1397000000.0,
          "Change In Payables And Accrued Expense": 257000000.0,
          "Change In Accrued Expense": -102000000.0,
          "Change In Payable": 359000000.0,
          "Change In Account Payable": 359000000.0,
          "Change In Receivables": -5891000000.0,
          "Changes In Account Receivables": -5891000000.0,
          "Other Non Cash Items": 3419000000.0,
          "Stock Based Compensation": 22785000000.0,
          "Deferred Tax": -5257000000.0,
          "Deferred Income Tax": -5257000000.0,
          "Depreciation Amortization Depletion": 15311000000.0,
          "Depreciation And Amortization": 15311000000.0,
          "Amortization Cash Flow": NaN,
          "Amortization Of Intangibles": NaN,
          "Depreciation": 15311000000.0,
          "Operating Gains Losses": -2671000000.0,
          "Gain Loss On Investment Securities": -2671000000.0,
          "Net Income From Continuing Operations": 100118000000.0
        },
        "2023-12-31": {
          "Free Cash Flow": 69495000000.0,
          "Repurchase Of Capital Stock": -61504000000.0,
          "Repayment Of Debt": -11550000000.0,
          "Issuance Of Debt": 10790000000.0,
          "Capital Expenditure": -32251000000.0,
          "Income Tax Paid Supplemental Data": 19164000000.0,
          "End Cash Position": 24048000000.0,
          "Beginning Cash Position": 21879000000.0,
          "Effect Of Exchange Rate Changes": -421000000.0,
          "Changes In Cash": 2590000000.0,
          "Financing Cash Flow": -72093000000.0,
          "Cash Flow From Continuing Financing Activities": -72093000000.0,
          "Net Other Financing Charges": 8000000.0,
          "Proceeds From Stock Option Exercised": -9837000000.0,
          "Cash Dividends Paid": 0.0,
          "Common Stock Dividend Paid": 0.0,
          "Net Common Stock Issuance": -61504000000.0,
          "Common Stock Payments": -61504000000.0,
          "Net Issuance Payments Of Debt": -760000000.0,
          "Net Long Term Debt Issuance": -760000000.0,
          "Long Term Debt Payments": -11550000000.0,
          "Long Term Debt Issuance": 10790000000.0,
          "Investing Cash Flow": -27063000000.0,
          "Cash Flow From Continuing Investing Activities": -27063000000.0,
          "Net Other Investing Changes": -1051000000.0,
          "Net Investment Purchase And Sale": 6734000000.0,
          "Sale Of Investment": 87619000000.0,
          "Purchase Of Investment": -80885000000.0,
          "Net Business Purchase And Sale": -495000000.0,
          "Purchase Of Business": -495000000.0,
          "Net PPE Purchase And Sale": -32251000000.0,
          "Purchase Of PPE": -32251000000.0,
          "Operating Cash Flow": 101746000000.0,
          "Cash Flow From Continuing Operating Activities": 101746000000.0,
          "Change In Working Capital": -3845000000.0,
          "Change In Other Working Capital": 1048000000.0,
          "Change In Other Current Assets": -2143000000.0,
          "Change In Payables And Accrued Expense": 5083000000.0,
          "Change In Accrued Expense": 4419000000.0,
          "Change In Payable": 664000000.0,
          "Change In Account Payable": 664000000.0,
          "Change In Receivables": -7833000000.0,
          "Changes In Account Receivables": -7833000000.0,
          "Other Non Cash Items": 4330000000.0,
          "Stock Based Compensation": 22460000000.0,
          "Deferred Tax": -7763000000.0,
          "Deferred Income Tax": -7763000000.0,
          "Depreciation Amortization Depletion": 11946000000.0,
          "Depreciation And Amortization": 11946000000.0,
          "Amortization Cash Flow": NaN,
          "Amortization Of Intangibles": NaN,
          "Depreciation": 11946000000.0,
          "Operating Gains Losses": 823000000.0,
          "Gain Loss On Investment Securities": 823000000.0,
          "Net Income From Continuing Operations": 73795000000.0
        },
        "2022-12-31": {
          "Free Cash Flow": 60010000000.0,
          "Repurchase Of Capital Stock": -59296000000.0,
          "Repayment Of Debt": -54068000000.0,
          "Issuance Of Debt": 52872000000.0,
          "Capital Expenditure": -31485000000.0,
          "Income Tax Paid Supplemental Data": 18892000000.0,
          "End Cash Position": 21879000000.0,
          "Beginning Cash Position": 20945000000.0,
          "Effect Of Exchange Rate Changes": -506000000.0,
          "Changes In Cash": 1440000000.0,
          "Financing Cash Flow": -69757000000.0,
          "Cash Flow From Continuing Financing Activities": -69757000000.0,
          "Net Other Financing Charges": 35000000.0,
          "Proceeds From Stock Option Exercised": -9300000000.0,
          "Cash Dividends Paid": 0.0,
          "Common Stock Dividend Paid": 0.0,
          "Net Common Stock Issuance": -59296000000.0,
          "Common Stock Payments": -59296000000.0,
          "Net Issuance Payments Of Debt": -1196000000.0,
          "Net Long Term Debt Issuance": -1196000000.0,
          "Long Term Debt Payments": -54068000000.0,
          "Long Term Debt Issuance": 52872000000.0,
          "Investing Cash Flow": -20298000000.0,
          "Cash Flow From Continuing Investing Activities": -20298000000.0,
          "Net Other Investing Changes": 1589000000.0,
          "Net Investment Purchase And Sale": 16567000000.0,
          "Sale Of Investment": 97972000000.0,
          "Purchase Of Investment": -81405000000.0,
          "Net Business Purchase And Sale": -6969000000.0,
          "Purchase Of Business": -6969000000.0,
          "Net PPE Purchase And Sale": -31485000000.0,
          "Purchase Of PPE": -31485000000.0,
          "Operating Cash Flow": 91495000000.0,
          "Cash Flow From Continuing Operating Activities": 91495000000.0,
          "Change In Working Capital": -2235000000.0,
          "Change In Other Working Capital": 951000000.0,
          "Change In Other Current Assets": -5046000000.0,
          "Change In Payables And Accrued Expense": 4177000000.0,
          "Change In Accrued Expense": 3470000000.0,
          "Change In Payable": 707000000.0,
          "Change In Account Payable": 707000000.0,
          "Change In Receivables": -2317000000.0,
          "Changes In Account Receivables": -2317000000.0,
          "Other Non Cash Items": 3483000000.0,
          "Stock Based Compensation": 19362000000.0,
          "Deferred Tax": -8081000000.0,
          "Deferred Income Tax": -8081000000.0,
          "Depreciation Amortization Depletion": 13475000000.0,
          "Depreciation And Amortization": 13475000000.0,
          "Amortization Cash Flow": 641000000.0,
          "Amortization Of Intangibles": 641000000.0,
          "Depreciation": 13475000000.0,
          "Operating Gains Losses": 5519000000.0,
          "Gain Loss On Investment Securities": 5519000000.0,
          "Net Income From Continuing Operations": 59972000000.0
        },
        "2021-12-31": {
          "Free Cash Flow": 67012000000.0,
          "Repurchase Of Capital Stock": -50274000000.0,
          "Repayment Of Debt": -21435000000.0,
          "Issuance Of Debt": 20199000000.0,
          "Capital Expenditure": -24640000000.0,
          "Income Tax Paid Supplemental Data": 13412000000.0,
          "End Cash Position": 20945000000.0,
          "Beginning Cash Position": 26465000000.0,
          "Effect Of Exchange Rate Changes": -287000000.0,
          "Changes In Cash": -5233000000.0,
          "Financing Cash Flow": -61362000000.0,
          "Cash Flow From Continuing Financing Activities": -61362000000.0,
          "Net Other Financing Charges": 310000000.0,
          "Proceeds From Stock Option Exercised": -10162000000.0,
          "Cash Dividends Paid": NaN,
          "Common Stock Dividend Paid": NaN,
          "Net Common Stock Issuance": -50274000000.0,
          "Common Stock Payments": -50274000000.0,
          "Net Issuance Payments Of Debt": -1236000000.0,
          "Net Long Term Debt Issuance": -1236000000.0,
          "Long Term Debt Payments": -21435000000.0,
          "Long Term Debt Issuance": 20199000000.0,
          "Investing Cash Flow": -35523000000.0,
          "Cash Flow From Continuing Investing Activities": -35523000000.0,
          "Net Other Investing Changes": 541000000.0,
          "Net Investment Purchase And Sale": -8806000000.0,
          "Sale Of Investment": 129228000000.0,
          "Purchase Of Investment": -138034000000.0,
          "Net Business Purchase And Sale": -2618000000.0,
          "Purchase Of Business": -2618000000.0,
          "Net PPE Purchase And Sale": -24640000000.0,
          "Purchase Of PPE": -24640000000.0,
          "Operating Cash Flow": 91652000000.0,
          "Cash Flow From Continuing Operating Activities": 91652000000.0,
          "Change In Working Capital": -1523000000.0,
          "Change In Other Working Capital": 149000000.0,
          "Change In Other Current Assets": -1846000000.0,
          "Change In Payables And Accrued Expense": 9269000000.0,
          "Change In Accrued Expense": 8986000000.0,
          "Change In Payable": 283000000.0,
          "Change In Account Payable": 283000000.0,
          "Change In Receivables": -9095000000.0,
          "Changes In Account Receivables": -9095000000.0,
          "Other Non Cash Items": -213000000.0,
          "Stock Based Compensation": 15376000000.0,
          "Deferred Tax": 1808000000.0,
          "Deferred Income Tax": 1808000000.0,
          "Depreciation Amortization Depletion": 12441000000.0,
          "Depreciation And Amortization": 12441000000.0,
          "Amortization Cash Flow": 886000000.0,
          "Amortization Of Intangibles": 886000000.0,
          "Depreciation": 11555000000.0,
          "Operating Gains Losses": -12270000000.0,
          "Gain Loss On Investment Securities": -12270000000.0,
          "Net Income From Continuing Operations": 76033000000.0
        }
      },
      "incomestatement": {
        "2024-12-31": {
          "Tax Effect Of Unusual Items": 340136000.0,
          "Tax Rate For Calcs": 0.164,
          "Normalized EBITDA": 133320000000.0,
          "Total Unusual Items": 2074000000.0,
          "Total Unusual Items Excluding Goodwill": 2074000000.0,
          "Net Income From Continuing Operation Net Minority Interest": 100118000000.0,
          "Reconciled Depreciation": 15311000000.0,
          "Reconciled Cost Of Revenue": 146306000000.0,
          "EBITDA": 135394000000.0,
          "EBIT": 120083000000.0,
          "Interest Income": 4482000000.0,
          "Normalized Income": 98384136000.0,
          "Net Income From Continuing And Discontinued Operation": 100118000000.0,
          "Total Expenses": 237628000000.0,
          "Total Operating Income As Reported": 112390000000.0,
          "Diluted Average Shares": 12447000000.0,
          "Basic Average Shares": 12319000000.0,
          "Diluted EPS": 8.04,
          "Basic EPS": 8.13,
          "Diluted NI Availto Com Stockholders": 100118000000.0,
          "Net Income Common Stockholders": 100118000000.0,
          "Net Income": 100118000000.0,
          "Net Income Including Noncontrolling Interests": 100118000000.0,
          "Net Income Continuous Operations": 100118000000.0,
          "Tax Provision": 19697000000.0,
          "Pretax Income": 119815000000.0,
          "Other Income Expense": 3211000000.0,
          "Other Non Operating Income Expenses": 1137000000.0,
          "Special Income Charges": -188000000.0,
          "Write Off": 188000000.0,
          "Earnings From Equity Interest": -188000000.0,
          "Gain On Sale Of Security": 2262000000.0,
          "Net Non Operating Interest Income Expense": 4214000000.0,
          "Interest Expense Non Operating": 268000000.0,
          "Interest Income Non Operating": 4482000000.0,
          "Operating Income": 112390000000.0,
          "Operating Expense": 91322000000.0,
          "Research And Development": 49326000000.0,
          "Selling General And Administration": 41996000000.0,
          "Selling And Marketing Expense": 27808000000.0,
          "General And Administrative Expense": 14188000000.0,
          "Other Gand A": 14188000000.0,
          "Gross Profit": 203712000000.0,
          "Cost Of Revenue": 146306000000.0,
          "Operating Revenue": 350018000000.0
        },
        "2023-12-31": {
          "Tax Effect Of Unusual Items": -373771000.0,
          "Tax Rate For Calcs": 0.139,
          "Normalized EBITDA": 100660000000.0,
          "Total Unusual Items": -2689000000.0,
          "Total Unusual Items Excluding Goodwill": -2689000000.0,
          "Net Income From Continuing Operation Net Minority Interest": 73795000000.0,
          "Reconciled Depreciation": 11946000000.0,
          "Reconciled Cost Of Revenue": 133332000000.0,
          "EBITDA": 97971000000.0,
          "EBIT": 86025000000.0,
          "Interest Income": 3865000000.0,
          "Normalized Income": 76110229000.0,
          "Net Income From Continuing And Discontinued Operation": 73795000000.0,
          "Total Expenses": 223101000000.0,
          "Total Operating Income As Reported": 84293000000.0,
          "Diluted Average Shares": 12722000000.0,
          "Basic Average Shares": 12630000000.0,
          "Diluted EPS": 5.8,
          "Basic EPS": 5.84,
          "Diluted NI Availto Com Stockholders": 73795000000.0,
          "Net Income Common Stockholders": 73795000000.0,
          "Net Income": 73795000000.0,
          "Net Income Including Noncontrolling Interests": 73795000000.0,
          "Net Income Continuous Operations": 73795000000.0,
          "Tax Provision": 11922000000.0,
          "Pretax Income": 85717000000.0,
          "Other Income Expense": -2133000000.0,
          "Other Non Operating Income Expenses": 556000000.0,
          "Special Income Charges": -628000000.0,
          "Write Off": 628000000.0,
          "Earnings From Equity Interest": -628000000.0,
          "Gain On Sale Of Security": -2061000000.0,
          "Net Non Operating Interest Income Expense": 3557000000.0,
          "Interest Expense Non Operating": 308000000.0,
          "Interest Income Non Operating": 3865000000.0,
          "Operating Income": 84293000000.0,
          "Operating Expense": 89769000000.0,
          "Research And Development": 45427000000.0,
          "Selling General And Administration": 44342000000.0,
          "Selling And Marketing Expense": 27917000000.0,
          "General And Administrative Expense": 16425000000.0,
          "Other Gand A": 16425000000.0,
          "Gross Profit": 174062000000.0,
          "Cost Of Revenue": 133332000000.0,
          "Operating Revenue": 307394000000.0
        },
        "2022-12-31": {
          "Tax Effect Of Unusual Items": -1035090000.0,
          "Tax Rate For Calcs": 0.159,
          "Normalized EBITDA": 91670000000.0,
          "Total Unusual Items": -6510000000.0,
          "Total Unusual Items Excluding Goodwill": -6510000000.0,
          "Net Income From Continuing Operation Net Minority Interest": 59972000000.0,
          "Reconciled Depreciation": 13475000000.0,
          "Reconciled Cost Of Revenue": 126203000000.0,
          "EBITDA": 85160000000.0,
          "EBIT": 71685000000.0,
          "Interest Income": 2174000000.0,
          "Normalized Income": 65446910000.0,
          "Net Income From Continuing And Discontinued Operation": 59972000000.0,
          "Total Expenses": 207994000000.0,
          "Total Operating Income As Reported": 74842000000.0,
          "Diluted Average Shares": 13159000000.0,
          "Basic Average Shares": 13063000000.0,
          "Diluted EPS": 4.56,
          "Basic EPS": 4.59,
          "Diluted NI Availto Com Stockholders": 59972000000.0,
          "Net Income Common Stockholders": 59972000000.0,
          "Net Income": 59972000000.0,
          "Net Income Including Noncontrolling Interests": 59972000000.0,
          "Net Income Continuous Operations": 59972000000.0,
          "Tax Provision": 11356000000.0,
          "Pretax Income": 71328000000.0,
          "Other Income Expense": -5331000000.0,
          "Other Non Operating Income Expenses": 1179000000.0,
          "Special Income Charges": -337000000.0,
          "Write Off": 337000000.0,
          "Earnings From Equity Interest": -337000000.0,
          "Gain On Sale Of Security": -6173000000.0,
          "Net Non Operating Interest Income Expense": 1817000000.0,
          "Interest Expense Non Operating": 357000000.0,
          "Interest Income Non Operating": 2174000000.0,
          "Operating Income": 74842000000.0,
          "Operating Expense": 81791000000.0,
          "Research And Development": 39500000000.0,
          "Selling General And Administration": 42291000000.0,
          "Selling And Marketing Expense": 26567000000.0,
          "General And Administrative Expense": 15724000000.0,
          "Other Gand A": 15724000000.0,
          "Gross Profit": 156633000000.0,
          "Cost Of Revenue": 126203000000.0,
          "Operating Revenue": 282836000000.0
        },
        "2021-12-31": {
          "Tax Effect Of Unusual Items": 2002968000.0,
          "Tax Rate For Calcs": 0.162,
          "Normalized EBITDA": 91157000000.0,
          "Total Unusual Items": 12364000000.0,
          "Total Unusual Items Excluding Goodwill": 12364000000.0,
          "Net Income From Continuing Operation Net Minority Interest": 76033000000.0,
          "Reconciled Depreciation": 12441000000.0,
          "Reconciled Cost Of Revenue": 110939000000.0,
          "EBITDA": 103521000000.0,
          "EBIT": 91080000000.0,
          "Interest Income": 1499000000.0,
          "Normalized Income": 65671968000.0,
          "Net Income From Continuing And Discontinued Operation": 76033000000.0,
          "Total Expenses": 178923000000.0,
          "Total Operating Income As Reported": 78714000000.0,
          "Diluted Average Shares": 13553000000.0,
          "Basic Average Shares": 13353000000.0,
          "Diluted EPS": 5.61,
          "Basic EPS": 5.69,
          "Diluted NI Availto Com Stockholders": 76033000000.0,
          "Net Income Common Stockholders": 76033000000.0,
          "Net Income": 76033000000.0,
          "Net Income Including Noncontrolling Interests": 76033000000.0,
          "Net Income Continuous Operations": 76033000000.0,
          "Tax Provision": 14701000000.0,
          "Pretax Income": 90734000000.0,
          "Other Income Expense": 10867000000.0,
          "Other Non Operating Income Expenses": -1497000000.0,
          "Special Income Charges": 334000000.0,
          "Write Off": -334000000.0,
          "Earnings From Equity Interest": 334000000.0,
          "Gain On Sale Of Security": 12030000000.0,
          "Net Non Operating Interest Income Expense": 1153000000.0,
          "Interest Expense Non Operating": 346000000.0,
          "Interest Income Non Operating": 1499000000.0,
          "Operating Income": 78714000000.0,
          "Operating Expense": 67984000000.0,
          "Research And Development": 31562000000.0,
          "Selling General And Administration": 36422000000.0,
          "Selling And Marketing Expense": 22912000000.0,
          "General And Administrative Expense": 13510000000.0,
          "Other Gand A": 13510000000.0,
          "Gross Profit": 146698000000.0,
          "Cost Of Revenue": 110939000000.0,
          "Operating Revenue": 257637000000.0
        }
      }
    },
    "finnhub": {
      "overview": {
        "name": "Alphabet Inc",
        "currency": "USD",
        "marketCap": 3983948360199.0005
      },
      "balancesheet": {},
      "cashflow": {},
      "incomestatement": {
        "2024-12-31 00:00:00": {
          "totalRevenue": 350018000000.0,
          "netIncome": null,
          "interestExpense": null,
          "netInterestIncome": null
        },
        "2023-12-31 00:00:00": {
          "totalRevenue": 307394000000.0,
          "netIncome": null,
          "interestExpense": null,
          "netInterestIncome": null
        },
        "2022-12-31 00:00:00": {
          "totalRevenue": 282836000000.0,
          "netIncome": null,
          "interestExpense": null,
          "netInterestIncome": null
        },
        "2021-12-31 00:00:00": {
          "totalRevenue": 257637000000.0,
          "netIncome": null,
          "interestExpense": null,
          "netInterestIncome": null
        },
        "2020-12-31 00:00:00": {
          "totalRevenue": 182527000000.0,
          "netIncome": null,
          "interestExpense": null,
          "netInterestIncome": null
        },
        "2019-12-31 00:00:00": {
          "totalRevenue": 161857000000.0,
          "netIncome": null,
          "interestExpense": null,
          "netInterestIncome": null
        },
        "2018-12-31 00:00:00": {
          "totalRevenue": 136819000000.0,
          "netIncome": null,
          "interestExpense": null,
          "netInterestIncome": null
        },
        "2016-12-31 00:00:00": {
          "totalRevenue": 90272000000.0,
          "netIncome": null,
          "interestExpense": null,
          "netInterestIncome": null
        },
        "2015-12-31 00:00:00": {
          "totalRevenue": 74989000000.0,
          "netIncome": null,
          "interestExpense": null,
          "netInterestIncome": null
        }
      }
    },
    "alphavantage": {
      "overview": {
        "name": "Alphabet Inc Class A",
        "currency": "USD",
        "marketCap": 3997000270000.0,
        "peRatio": 32.58
      },
      "balancesheet": {
        "2024-12-31": {
          "totalAssets": 450256000000.0,
          "totalLiabilities": 125172000000.0,
          "shareholderEquity": 325084000000.0
        },
        "2023-12-31": {
          "totalAssets": 402392000000.0,
          "totalLiabilities": 119013000000.0,
          "shareholderEquity": 283379000000.0
        },
        "2022-12-31": {
          "totalAssets": 365264000000.0,
          "totalLiabilities": 109120000000.0,
          "shareholderEquity": 256144000000.0
        },
        "2021-12-31": {
          "totalAssets": 359268000000.0,
          "totalLiabilities": 107633000000.0,
          "shareholderEquity": 251635000000.0
        },
        "2020-12-31": {
          "totalAssets": 319616000000.0,
          "totalLiabilities": 97072000000.0,
          "shareholderEquity": 222544000000.0
        },
        "2019-12-31": {
          "totalAssets": 275909000000.0,
          "totalLiabilities": 74467000000.0,
          "shareholderEquity": 201442000000.0
        },
        "2018-12-31": {
          "totalAssets": 232792000000.0,
          "totalLiabilities": 55164000000.0,
          "shareholderEquity": 177628000000.0
        },
        "2017-12-31": {
          "totalAssets": 197295000000.0,
          "totalLiabilities": 44793000000.0,
          "shareholderEquity": 152502000000.0
        },
        "2016-12-31": {
          "totalAssets": 167497000000.0,
          "totalLiabilities": 28461000000.0,
          "shareholderEquity": 139036000000.0
        },
        "2015-12-31": {
          "totalAssets": 147461000000.0,
          "totalLiabilities": 27130000000.0,
          "shareholderEquity": 120331000000.0
        },
        "2014-12-31": {
          "totalAssets": 131133000000.0,
          "totalLiabilities": 26633000000.0,
          "shareholderEquity": 104500000000.0
        },
        "2013-12-31": {
          "totalAssets": 110920000000.0,
          "totalLiabilities": 23611000000.0,
          "shareholderEquity": 87309000000.0
        },
        "2012-12-31": {
          "totalAssets": 93798000000.0,
          "totalLiabilities": 22083000000.0,
          "shareholderEquity": 71715000000.0
        },
        "2011-12-31": {
          "totalAssets": 72574000000.0,
          "totalLiabilities": 14429000000.0,
          "shareholderEquity": 58145000000.0
        },
        "2010-12-31": {
          "totalAssets": 57851000000.0,
          "totalLiabilities": 11610000000.0,
          "shareholderEquity": 46241000000.0
        },
        "2009-12-31": {
          "totalAssets": 40496778000.0,
          "totalLiabilities": 4492554000.0,
          "shareholderEquity": 36004224000.0
        },
        "2008-12-31": {
          "totalAssets": 31767575000.0,
          "totalLiabilities": 3528713000.0,
          "shareholderEquity": 28238862000.0
        },
        "2007-12-31": {
          "totalAssets": 25335806000.0,
          "totalLiabilities": 2646127000.0,
          "shareholderEquity": 22689679000.0
        },
        "2006-12-31": {
          "totalAssets": 18473351000.0,
          "totalLiabilities": 1433511000.0,
          "shareholderEquity": 17039840000.0
        },
        "2005-12-31": {
          "totalAssets": 10271813000.0,
          "totalLiabilities": 852856000.0,
          "shareholderEquity": 9418957000.0
        }
      },
      "cashflow": {
        "2024-12-31": {
          "operatingCashFlow": 125299000000.0,
          "capitalExpenditures": 52535000000.0,
          "freeCashFlow": null
        },
        "2023-12-31": {
          "operatingCashFlow": 101746000000.0,
          "capitalExpenditures": 32251000000.0,
          "freeCashFlow": null
        },
        "2022-12-31": {
          "operatingCashFlow": 91495000000.0,
          "capitalExpenditures": 31485000000.0,
          "freeCashFlow": null
        },
        "2021-12-31": {
          "operatingCashFlow": 91652000000.0,
          "capitalExpenditures": 24640000000.0,
          "freeCashFlow": null
        },
        "2020-12-31": {
          "operatingCashFlow": 65124000000.0,
          "capitalExpenditures": 22281000000.0,
          "freeCashFlow": null
        },
        "2019-12-31": {
          "operatingCashFlow": 54520000000.0,
          "capitalExpenditures": 23548000000.0,
          "freeCashFlow": null
        },
        "2018-12-31": {
          "operatingCashFlow": 47971000000.0,
          "capitalExpenditures": 25139000000.0,
          "freeCashFlow": null
        },
        "2017-12-31": {
          "operatingCashFlow": 37091000000.0,
          "capitalExpenditures": 13184000000.0,
          "freeCashFlow": null
        },
        "2016-12-31": {
          "operatingCashFlow": 36036000000.0,
          "capitalExpenditures": 10212000000.0,
          "freeCashFlow": null
        },
        "2015-12-31": {
          "operatingCashFlow": 26024000000.0,
          "capitalExpenditures": 9915000000.0,
          "freeCashFlow": null
        },
        "2014-12-31": {
          "operatingCashFlow": 22376000000.0,
          "capitalExpenditures": 10959000000.0,
          "freeCashFlow": null
        },
        "2013-12-31": {
          "operatingCashFlow": 18659000000.0,
          "capitalExpenditures": 7358000000.0,
          "freeCashFlow": null
        },
        "2012-12-31": {
          "operatingCashFlow": 16619000000.0,
          "capitalExpenditures": 3273000000.0,
          "freeCashFlow": null
        },
        "2011-12-31": {
          "operatingCashFlow": 14565000000.0,
          "capitalExpenditures": 3438000000.0,
          "freeCashFlow": null
        },
        "2010-12-31": {
          "operatingCashFlow": 11081000000.0,
          "capitalExpenditures": 4018000000.0,
          "freeCashFlow": null
        },
        "2009-12-31": {
          "operatingCashFlow": 9316198000.0,
          "capitalExpenditures": 809888000.0,
          "freeCashFlow": null
        },
        "2008-12-31": {
          "operatingCashFlow": 7852857000.0,
          "capitalExpenditures": 2358461000.0,
          "freeCashFlow": null
        },
        "2007-12-31": {
          "operatingCashFlow": 5775410000.0,
          "capitalExpenditures": 2402840000.0,
          "freeCashFlow": null
        },
        "2006-12-31": {
          "operatingCashFlow": 3580508000.0,
          "capitalExpenditures": 1902798000.0,
          "freeCashFlow": null
        },
        "2005-12-31": {
          "operatingCashFlow": 2459422000.0,
          "capitalExpenditures": 838217000.0,
          "freeCashFlow": null
        }
      },
      "incomestatement": {
        "2024-12-31": {
          "totalRevenue": 350018000000.0,
          "netIncome": 100118000000.0,
          "eps": null,
          "interestExpense": 268000000.0,
          "netInterestIncome": 4214000000.0
        },
        "2023-12-31": {
          "totalRevenue": 307394000000.0,
          "netIncome": 73795000000.0,
          "eps": null,
          "interestExpense": 308000000.0,
          "netInterestIncome": 3085000000.0
        },
        "2022-12-31": {
          "totalRevenue": 282836000000.0,
          "netIncome": 59972000000.0,
          "eps": null,
          "interestExpense": 357000000.0,
          "netInterestIncome": 1817000000.0
        },
        "2021-12-31": {
          "totalRevenue": 257637000000.0,
          "netIncome": 76033000000.0,
          "eps": null,
          "interestExpense": 346000000.0,
          "netInterestIncome": 1153000000.0
        },
        "2020-12-31": {
          "totalRevenue": 182527000000.0,
          "netIncome": 40269000000.0,
          "eps": null,
          "interestExpense": 135000000.0,
          "netInterestIncome": 1730000000.0
        },
        "2019-12-31": {
          "totalRevenue": 161857000000.0,
          "netIncome": 34343000000.0,
          "eps": null,
          "interestExpense": 100000000.0,
          "netInterestIncome": 2327000000.0
        },
        "2018-12-31": {
          "totalRevenue": 136819000000.0,
          "netIncome": 30736000000.0,
          "eps": null,
          "interestExpense": 114000000.0,
          "netInterestIncome": 1764000000.0
        },
        "2017-12-31": {
          "totalRevenue": 110855000000.0,
          "netIncome": 12662000000.0,
          "eps": null,
          "interestExpense": 109000000.0,
          "netInterestIncome": 1203000000.0
        },
        "2016-12-31": {
          "totalRevenue": 90272000000.0,
          "netIncome": 19478000000.0,
          "eps": null,
          "interestExpense": 124000000.0,
          "netInterestIncome": 1096000000.0
        },
        "2015-12-31": {
          "totalRevenue": 74989000000.0,
          "netIncome": 16348000000.0,
          "eps": null,
          "interestExpense": 104000000.0,
          "netInterestIncome": null
        },
        "2014-12-31": {
          "totalRevenue": 66001000000.0,
          "netIncome": 14136000000.0,
          "eps": null,
          "interestExpense": 101000000.0,
          "netInterestIncome": null
        },
        "2013-12-31": {
          "totalRevenue": 55519000000.0,
          "netIncome": 12733000000.0,
          "eps": null,
          "interestExpense": 81000000.0,
          "netInterestIncome": null
        },
        "2012-12-31": {
          "totalRevenue": 46039000000.0,
          "netIncome": 10737000000.0,
          "eps": null,
          "interestExpense": 85000000.0,
          "netInterestIncome": null
        },
        "2011-12-31": {
          "totalRevenue": 37905000000.0,
          "netIncome": 9737000000.0,
          "eps": null,
          "interestExpense": 58000000.0,
          "netInterestIncome": null
        },
        "2010-12-31": {
          "totalRevenue": 29321000000.0,
          "netIncome": 8505000000.0,
          "eps": null,
          "interestExpense": 5000000.0,
          "netInterestIncome": null
        },
        "2009-12-31": {
          "totalRevenue": 23651000000.0,
          "netIncome": 6520000000.0,
          "eps": null,
          "interestExpense": 229673000.0,
          "netInterestIncome": null
        },
        "2008-12-31": {
          "totalRevenue": 21796000000.0,
          "netIncome": 4227000000.0,
          "eps": null,
          "interestExpense": 389533000.0,
          "netInterestIncome": null
        },
        "2007-12-31": {
          "totalRevenue": 16593986000.0,
          "netIncome": 4203720000.0,
          "eps": null,
          "interestExpense": 1203000.0,
          "netInterestIncome": null
        },
        "2006-12-31": {
          "totalRevenue": 10604917000.0,
          "netIncome": 3077446000.0,
          "eps": null,
          "interestExpense": 0.0,
          "netInterestIncome": null
        },
        "2005-12-31": {
          "totalRevenue": 6138560000.0,
          "netIncome": 1465397000.0,
          "eps": null,
          "interestExpense": 776000.0,
          "netInterestIncome": null
        }
      }
    }
  },
  "timestamp": "2026-01-20T10:18:34.587664+00:00"
}